














<!doctype html>
<!--[if lte IE 7 ]><html class="lt-ie9 lt-ie8" lang="ko-KR"><![endif]-->
<!--[if IE 8 ]><html class="lt-ie9" lang="ko-KR"><![endif]-->
<!--[if (gte IE 9)|!(IE)]><!--><html lang="ko-KR"><!--<![endif]-->
<head>
    <meta charset="utf-8" />
    <meta name="google-site-verification" content="zaNrGtrOLMjglkziY2IvmL8dOXyCWHGArDHqFazJQVI" />
    <meta http-equiv="x-dns-prefetch-control" content="on" />
    <link rel="dns-prefetch" href="//cart.coupang.com" />
    <link rel="dns-prefetch" href="//assets.coupang.com" />
    <link rel="dns-prefetch" href="//assets2.coupang.com" />
    <link rel="dns-prefetch" href="//assets.coupangcdn.com" />
    <link rel="dns-prefetch" href="//asset1.coupangcdn.com" />
    <link rel="dns-prefetch" href="//private.coupang.com" />
    <link rel="dns-prefetch" href="//img1a.coupangcdn.com" />
    <link rel="dns-prefetch" href="//image1.coupangcdn.com" />
    <link rel="dns-prefetch" href="//thumbnail1.coupangcdn.com" />
    <link rel="dns-prefetch" href="//static.coupangcdn.com" />
    <link rel="dns-prefetch" href="//www.facebook.com" />
    <link rel="dns-prefetch" href="//www.google.com" />
    <link rel="dns-prefetch" href="//www.google.co.kr" />
    <link rel="dns-prefetch" href="//stats.g.doubleclick.net" />
    <link rel="dns-prefetch" href="//connect.facebook.net" />

    

    
    
        



    

    <title>해태제과 홈런볼 소금 우유, 41g, 4개 - 기타과자 | 쿠팡</title>


    
    <meta name="description" content="현재 별점 4.8점, 리뷰 1912개를 가진 해태제과 홈런볼 소금 우유, 41g, 4개! 지금 쿠팡에서 더 저렴하고 다양한 기타과자 제품들을 확인해보세요." />



    <link rel="canonical" href="https://www.coupang.com/vp/products/8009070810?itemId=22335878956&vendorItemId=89463005056" />
    
        <meta property="og:title" content="해태제과 홈런볼 소금 우유, 41g, 4개 - 기타과자 | 쿠팡" />
        <meta property="og:description" content="현재 별점 4.8점, 리뷰 1912개를 가진 해태제과 홈런볼 소금 우유, 41g, 4개! 지금 쿠팡에서 더 저렴하고 다양한 기타과자 제품들을 확인해보세요." />
    
    <meta property="og:url" content="https://www.coupang.com/vp/products/8009070810?vendorItemId=89463005056" />
    <meta property="og:image" content="//thumbnail9.coupangcdn.com/thumbnails/remote/1500x1500ex/image/retail/images/2024/04/10/15/1/1e559580-921f-4b51-b9e7-225479eaccf5.jpg" />
    <meta property="og:image:width" content="492" />
    <meta property="og:image:height" content="492" />
    <meta property="og:type" content="website" />
    <meta property="og:locale" content="ko_KR" />
    <meta property="og:site_name" content="쿠팡">












    

    <link rel="shortcut icon" href="//image9.coupangcdn.com/image/coupang/favicon/v2/favicon.ico" type="image/x-icon" />

    
    



    
    <script type="application/ld+json">
        {"@context":"https://schema.org/","@type":"Product","sku":"8009070810-22335878956","name":"해태제과 홈런볼 소금 우유, 41g, 4개","image":["https://thumbnail9.coupangcdn.com/thumbnails/remote/1500x1500ex/image/retail/images/2024/04/10/15/1/1e559580-921f-4b51-b9e7-225479eaccf5.jpg","https://thumbnail7.coupangcdn.com/thumbnails/remote/1500x1500ex/image/retail/images/2024/04/10/15/6/fcb0b460-bd44-4d29-aa72-aa57cd47f66e.png","https://thumbnail7.coupangcdn.com/thumbnails/remote/1500x1500ex/image/retail/images/2024/04/10/15/2/d497cfde-b0ff-417a-8aa3-697238158fa4.png","https://thumbnail9.coupangcdn.com/thumbnails/remote/1500x1500ex/image/retail/images/2024/04/10/15/3/4c628f66-e6d2-4639-b0d0-e57d5047efd5.png","https://thumbnail8.coupangcdn.com/thumbnails/remote/1500x1500ex/image/retail/images/2024/04/10/15/5/125934e4-004b-43f2-ae73-0829e277ee19.png"],"description":"현재 별점 4.8점, 리뷰 1,912개를 가진 해태제과 홈런볼 소금 우유, 41g, 4개! 지금 쿠팡에서 더 저렴하고 다양한 스낵/시리얼 제품들을 확인해보세요.","brand":{"@type":"Brand","name":"해태제과"},"offers":{"priceCurrency":"KRW","shippingDetails":{"shippingRate":{"@type":"MonetaryAmount","value":"0","currency":"KRW"},"deliveryTime":{"@type":"ShippingDeliveryTime","handlingTime":{"@type":"QuantitativeValue","minValue":0,"maxValue":1,"unitCode":"DAY"}},"@type":"OfferShippingDetails","shippingDestination":{"@type":"DefinedRegion","addressCountry":"KR","addressRegion":["Seoul"]}},"@type":"Offer","price":"4350","availability":"https://schema.org/InStock","url":"https://www.coupang.com/vp/products/8009070810"},"aggregateRating":{"@type":"AggregateRating","ratingValue":4.8,"ratingCount":"1912"}}
    </script>


    <script type="application/ld+json">
        {
          "@context": "https://schema.org",
          "@type": "BreadcrumbList",
          "itemListElement": [
            {
                "@type": "ListItem",
                "position": 1,
                "name": "쿠팡 홈",
                "item": "https://www.coupang.com/"
            },
        
            {
              "@type": "ListItem",
              "position": 2,
              "name": "쿠팡수입",
              "item": "https://www.coupang.com/np/categories/510691"
            },
        
            {
              "@type": "ListItem",
              "position": 3,
              "name": "식품",
              "item": "https://www.coupang.com/np/categories/519619"
            },
        
            {
              "@type": "ListItem",
              "position": 4,
              "name": "과자/초콜릿/시리얼",
              "item": "https://www.coupang.com/np/categories/519782"
            },
        
            {
              "@type": "ListItem",
              "position": 5,
              "name": "과자",
              "item": "https://www.coupang.com/np/categories/519783"
            },
        
            {
              "@type": "ListItem",
              "position": 6,
              "name": "기타과자",
              "item": "https://www.coupang.com/np/categories/519790"
            }
        
        ]
      }
    </script>










    
    
    
    
    <script type="text/javascript">
    var voltronGlobalConfig = {
        name: 'sdp voltron',
        version: '0.0.1',
        profile: 'develop',
        //custom settings
        settings: {
            timeout: 1000, //default module load timeout
            excludeModules: [], //delete?
            assetUrl: ''
        },
		log: {
			providers: ['jslog', 'console'],
			jslog: {
				projectName: 'sdp_pc',
				phase: 'production'
			}
		},
        modules:[{
            name: 'atf',
            type: 'module',
            domId: 'atf',
            url: 'atf',
            then: [
                "btf"
            ]
        },
            {
                name: 'btf',
                type: 'module',
                domId: 'btf',
                url: "/resources/20241108145011/np/js/modules/redwood/sdp/btf/dist.js"
            }
        ],
        models: {}
    };
</script>
<!--[if lt IE 9]>
<script src="" type="text/javascript"></script>
<script src="//assets.coupangcdn.com/cdnjs/es5-shim/4.5.9/es5-shim.min.js" type="text/javascript"></script>
<script src="//assets.coupangcdn.com/cdnjs/es5-shim/4.5.9/es5-sham.min.js" type="text/javascript"></script>
<![endif]-->

<!--assign assetUrl-->
<script type="text/javascript">
    window.assetUrl = '/resources/20241108145011/'
    window.bundleUrl = '/resources/20241108145011/np/js/modules/sdp/webpack/'
</script>


	<script id="coupang-web-log"
			data-auto-send-pageview="false"
			data-platform="web"
			data-service="coupang"
			data-mode="production"
			type="text/javascript"
            data-tti='{"platformType": "browser", "pageName": "sdp", "screenType":"normalSDP", "async": false, "calcType": "excludeRedirect"}'
            data-web-build-no="20241108145011"
			src="//asset2.coupangcdn.com/customjs/coupang-web-log/3.2.0/web-log.umd.min.js">
	</script>


<link rel="stylesheet" href="/resources/20241108145011/np/css/common.ko-KR.css" type="text/css" />
<link rel="stylesheet" href="/resources/20241108145011/np/css/sdp2.ko-KR.css" type="text/css" />
<link rel="stylesheet" href="/resources/20241108145011/np/css/productReview.ko-KR.css" type="text/css" />

    <script id="tti-logger"
            data-platform="pc"
            data-label="product"
            data-type="product-sdp"
            data-section="browser&isSubscribe=false&productId=8009070810&vendorItemId=89463005056&itemId=22335878956&isInvalid=false&combine=true"
    data-async="false"
    src="//asset2.coupangcdn.com/customjs/tti-logger/0.6.1/tti-logger.min.js" charSet="UTF-8"></script>

    <script>
    (function(exports){
        exports.sdp = {"wishList":false,"warrantyServiceVo":null,"vendorItemId":89463005056,"vendor":null,"used":false,"trackMeta":{"trcid":"","traid":"","style":"NORMAL","sourceType":"others","searchId":"","sdpVisitKey":"ua74gn5nobiya3jhfn","q":"","emailEventDeal":false,"emailDealWithoutCookieMessage":null,"clickVendorItemId":89463005056,"clickProductId":8009070810,"clickItemId":22335878956,"categoryId":null},"topSellingInfo":null,"title":"해태제과 홈런볼 소금 우유, 41g, 4개","supplier":null,"subscribeInfo":null,"stickBanners":[],"soldOut":false,"shippingConsolidationLink":null,"sellingInfoVo":{"sellingInfo":["소비기한(또는 유통기한): 2025-02-07 이거나 그 이후인 상품","총 수량: 4개","포장 타입: 봉지","과자 맛: 짭짤한맛","설탕 함량: 설탕첨가","쿠팡상품번호: 8009070810 - 22335878956"],"countryOfOrigin":"상품 상세설명 참조"},"ruleBasedTitle":null,"roleCode":3,"rodImageUrlInfoVo":null,"rocketLuxuryDisclaimer":null,"retail":true,"restockNotification":false,"ratingCount":"1,912","ratingAveragePercentage":100.0,"ratingAverage":null,"quantityBase":[{"wowOnlyInstantDiscountRate":0,"subscriptionPriceList":[],"subscriptionPrice":null,"subscriptionDiscountRate":-1,"subscriptionDelivery":null,"shippingFeeList":[{"titleIcon":null,"title":null,"shippingFeeType":"ROCKET","shippingFeeIcon":null,"shippingFee":null,"returnFeeMessage":null,"popupFreeShippingConditionMessage":null,"message":"\u003Cem class=\u0027prod-txt-bold\u0027\u003E로켓배송 상품 19,800원 이상 무료배송\u003C/em\u003E","freeShippingConditionMessage":null,"extremeMessage":null,"dividerIcon":null},{"titleIcon":null,"title":null,"shippingFeeType":"FREE","shippingFeeIcon":null,"shippingFee":null,"returnFeeMessage":null,"popupFreeShippingConditionMessage":null,"message":"\u003Cem class=\u0027prod-txt-bold\u0027\u003E무료배송 + 무료반품\u003C/em\u003E\u003Cem class=\u0027separator\u0027\u003E|\u003C/em\u003E\u003Cem class=\u0027icon-tx\u0027\u003E로켓와우 신청시\u003C/em\u003E\u003Cem\u003E\u003Ci class=\u0027rocket-falcon-icon question-mark-rocket-plus\u0027\u003E\u003C/i\u003E\u003C/em\u003E","freeShippingConditionMessage":null,"extremeMessage":null,"dividerIcon":null}],"shippingFee":{"titleIcon":null,"title":null,"shippingFeeType":"ROCKET","shippingFeeIcon":null,"shippingFee":"2,500","returnFeeMessage":null,"popupFreeShippingConditionMessage":null,"message":"\u003Cem class=\u0027prod-txt-bold\u0027\u003E무료배송\u003C/em\u003E\u003Cem class=\u0027prod-txt-black\u0027\u003E (로켓배송 상품 19,800원 이상 구매 시)\u003C/em\u003E","freeShippingConditionMessage":null,"extremeMessage":null,"dividerIcon":null},"shipmentDisplayType":"SHIPPING_FEE_NUDGE","selectedIndex":0,"quantityLimitationVO":null,"quantity":1,"priceUnit":"원","priceList":[{"wowCouponDiscount":false,"unitPrice":"10g당 265원","unitDiscountRate":null,"type":"SALES","title":"쿠팡판매가","saleUnitPrice":null,"salePriceTitle":null,"salePrice":null,"priceAmount":"4,350","originalPriceDesc":null,"originPrice":null,"loyaltyRegistrationUrl":null,"loyaltyButtonText":null,"instantPriceType":null,"instantDiscount":null,"i18nSalePrice":null,"i18nPriceAmount":{"rawAmount":null,"fractionDigits":0,"currency":"KRW","amount":"4350"},"i18nOriginPrice":null,"i18nCouponPrice":null,"i18nCouponDiscountAmount":null,"hasWowInstantDiscount":false,"hasWowCouponDiscount":false,"hasNormalInstantDiscount":false,"hasNormalCouponDiscount":false,"gppuPricePolicy":null,"finalPrice":null,"discountRate":null,"description":null,"couponUnitPrice":null,"couponPriceTitle":null,"couponPrice":null,"couponDiscountAmount":null,"cashPromotionMessage":null}],"price":{"wowCouponDiscount":false,"unitPrice":null,"unitDiscountRate":null,"type":null,"title":null,"saleUnitPrice":"10g당 265원","salePriceTitle":"","salePrice":"4,350","priceAmount":null,"originalPriceDesc":null,"originPrice":"4,440","loyaltyRegistrationUrl":null,"loyaltyButtonText":null,"instantPriceType":null,"instantDiscount":false,"i18nSalePrice":{"rawAmount":null,"fractionDigits":0,"currency":"KRW","amount":"4350"},"i18nPriceAmount":null,"i18nOriginPrice":{"rawAmount":null,"fractionDigits":0,"currency":"KRW","amount":"4440"},"i18nCouponPrice":{"rawAmount":null,"fractionDigits":0,"currency":"KRW","amount":"4350"},"i18nCouponDiscountAmount":null,"hasWowInstantDiscount":false,"hasWowCouponDiscount":false,"hasNormalInstantDiscount":false,"hasNormalCouponDiscount":false,"gppuPricePolicy":[{"priceInfo":"\u003Cspan class=\u0027discount-rate\u0027\u003E2%\u003C/span\u003E\u003Cspan class=\u0027origin-price\u0027\u003E4,440원\u003C/span\u003E","description":"업체의 권장소비자가 또는 공식 판매처 판매가 또는 도서 정가(도서 정가제 대상인 경우)입니다. 해당 가격이 없는 경우 90일 내 쿠팡에서 판매된 가격 중 가장 높은 가격을 표시합니다."}],"finalPrice":"4,350","discountRate":"2","description":null,"couponUnitPrice":"10g당 265원","couponPriceTitle":"","couponPrice":"4,350","couponDiscountAmount":null,"cashPromotionMessage":null},"moduleData":[{"abFlags":{"displayTwoPricesWow":"A","sdpCartUpdateNewPmcPolicy":"false","deliveryFeeToggleShow":"false"},"detailPriceBundle":{"finalPrice":{"bestPriceInfo":{"currency":"KRW","discountRate":2.0,"discountRateValid":true,"doubleElevenPromoted":false,"firstPurchase":false,"goldbox":false,"hasEligibilityConditions":false,"lightning":false,"lightningOrGoldbox":false,"memberPrice":false,"notExpired":true,"percentageDiscount":false,"price":4350,"priceBasedDiscountRate":2.0,"priceType":"FINAL_PRICE","priceWithDeliveryFee":4350,"unitCCIDuration":10,"unitPrice":{"amount":10,"extendedPrice":{"money":{"amount":265,"currency":"KRW"},"offset":0},"priceEx":{"amount":265,"currency":"KRW"},"unit":"g"},"unitPriceAmount":265,"unitPriceAmountWithDeliveryFee":265,"unitPriceDescription":"(10g당 265원)","unitPriceDescriptionWithoutParenthesis":"10g당 265원","unitPriceIncludeDeliveryFeeDescription":"(10g당 265원)","unitPriceIncludeDeliveryFeeDescriptionWithoutParenthesis":"10g당 265원","unitPriceWithDeliveryFee":{"amount":10,"extendedPrice":{"money":{"amount":265,"currency":"KRW"},"offset":0},"unit":"g"},"valid":true},"displayType":"FINAL","downloadCouponType":"NONE","downloadDiscountAmount":0,"instantDiscountAmount":0,"instantDiscountType":"NONE","memberPrice":false,"price":4350,"priceBaseDiscountRate":2,"priceWithDeliveryFee":4350,"realType":"SALES","unitPriceAmount":265,"unitPriceAmountWithDeliveryFee":265,"unitPriceDescription":"(10g당 265원)","unitPriceDescriptionWithoutParenthesis":"10g당 265원","unitPriceIncludeDeliveryFeeDescription":"(10g당 265원)"},"finalPriceDiscountRate":2,"nonWowMemberPrice":{"price":4350,"priceWithDeliveryFee":4350},"originalPrice":{"displayType":"ORIGINAL","downloadCouponType":"NONE","instantDiscountType":"NONE","memberPrice":false,"price":4440,"priceWithDeliveryFee":4440,"realType":"ORIGINAL","unitPriceDescription":"(10g당 271원)"},"wowMemberPrice":{"price":4350,"priceWithDeliveryFee":4350}},"logging":{},"normalCouponDiscount":false,"normalInstantDiscount":false,"pricePolicies":[{"currency":"원","description":"업체의 권장소비자가 또는 공식 판매처 판매가 또는 도서 정가(도서 정가제 대상인 경우)입니다. 해당 가격이 없는 경우 90일 내 쿠팡에서 판매된 가격 중 가장 높은 가격을 표시합니다.","discountRate":2,"formattedPrice":"4,440원","price":"4,440","priceWithDeliveryFee":"4,440","type":"ORIGINAL"}],"priceWithDeliveryFee":true,"targetedDiscount":false,"viewType":"PRODUCT_DETAIL_PRICE_INFO","wowCouponDiscount":false,"wowDiscountAndNormalOtAndNonWowMember":false,"wowInstantDiscount":false},{"attributeBasedTitle":"해태제과 홈런볼 소금 우유, 41g, 4개","countryOfOrigin":"원산지: 상품 상세설명 참조","logging":{"alwaysSentLiveLog":false,"bypass":{"exposureSchemas":[{"id":"11942","mandatory":{"logCategory":"impression","logType":"impression","pageName":"sdp","eventName":"option_table_test_exposure","domain":"sdp","sdpVisitKey":"c8rp7xn6lq37w74be8","productId":8009070810,"itemId":22335878956,"vendorItemId":89463005056,"abGroup":"B","abTestId":"47980"},"version":"2"}]}},"title":"해태제과 홈런볼 소금 우유 41g, 4개","viewType":"PRODUCT_DETAIL_PRODUCT_INFO"},{"abFlags":{"47980":"B"},"featureFlags":{"option_table_pc_expand_1_and_2_attr":"B"},"viewType":"PRODUCT_WEB_DATA_AB_FLAGS"},{"tabList":[{"attributeId":"7637","items":[{"action":{"event":{"url":"https://www.coupang.com/vp/products/8009070810/items/22335878956/vendoritems/89463005056/option-table?optionTableLandingVendorItemId=89463005056\u0026landedItemId=22335878956\u0026landedVendorItemId=89463005056\u0026withDeliveryFee=true\u0026deliveryToggle=true\u0026selectedValue=7652%3ANzY1Mnw06rCc%2C7637%3ANzYzN3w0MWc\u0026selectedShowPriceStatus=Default\u0026sdp-st=H4sIAAAAAAAAAKtWCs3LLAkoykxODclPT89JDUgsSswtVrKqVirNK09RsiopKk2t1VHyLyjJzM8LSUxCUgEUdknNySxLLapE15uCIo5mSnBqTmoyiAFWD1JenKlkZWRkbGxqYW5haWqmo1RcpmRlYWliZmxgYGpgagbX6pNZXALTVVsLAH28YIe9AAAA"},"logging":{"alwaysSentLiveLog":false,"bypass":{"clickSchemas":[{"id":"10844","mandatory":{"logCategory":"event","logType":"click","pageName":"sdp","eventName":"click_sdp_option_comparison_table","domain":"sdp","sdpVisitKey":"c8rp7xn6lq37w74be8","productId":8009070810,"itemId":22335878956,"vendorItemId":89463005056,"categoryId":"1437","optionTableStyle":"sdp_standard","clickArea":"attributeOption","clickValue":"firstAttribute:41g","isImage":false},"version":"9"}]}}},"id":"NzYzN3w0MWc","invalid":false,"selected":true,"selectedValue":["7652:NzY1Mnw06rCc","7637:NzYzN3w0MWc"],"soldOut":false,"valueName":"41g"},{"action":{"event":{"url":"https://www.coupang.com/vp/products/8009070810/items/22335878956/vendoritems/89463005056/option-table?optionTableLandingVendorItemId=89463005056\u0026landedItemId=22335878956\u0026landedVendorItemId=89463005056\u0026withDeliveryFee=true\u0026deliveryToggle=true\u0026selectedValue=7652%3ANzY1Mnw06rCc%2C7637%3ANzYzN3w0OWc\u0026selectedShowPriceStatus=Default\u0026sdp-st=H4sIAAAAAAAAAKtWCs3LLAkoykxODclPT89JDUgsSswtVrKqVirNK09RsiopKk2t1VHyLyjJzM8LSUxCUgEUdknNySxLLapE15uCIo5mSnBqTmoyiAFWD1JenKlkZWRkbGxqYW5haWqmo1RcpmRlYWliZmxgYGpgagbX6pNZXALTVVsLAH28YIe9AAAA"},"logging":{"alwaysSentLiveLog":false,"bypass":{"clickSchemas":[{"id":"10844","mandatory":{"logCategory":"event","logType":"click","pageName":"sdp","eventName":"click_sdp_option_comparison_table","domain":"sdp","sdpVisitKey":"c8rp7xn6lq37w74be8","productId":8009070810,"itemId":22335878956,"vendorItemId":89463005056,"categoryId":"1437","optionTableStyle":"sdp_standard","clickArea":"attributeOption","clickValue":"firstAttribute:49g","isImage":false},"version":"9"}]}}},"id":"NzYzN3w0OWc","invalid":false,"selected":false,"selectedValue":["7652:NzY1Mnw06rCc","7637:NzYzN3w0OWc"],"soldOut":false,"valueName":"49g"},{"action":{"event":{"url":"https://www.coupang.com/vp/products/8009070810/items/22335878956/vendoritems/89463005056/option-table?optionTableLandingVendorItemId=89463005056\u0026landedItemId=22335878956\u0026landedVendorItemId=89463005056\u0026withDeliveryFee=true\u0026deliveryToggle=true\u0026selectedValue=7652%3ANzY1Mnw06rCc%2C7637%3ANzYzN3wxNjRn\u0026selectedShowPriceStatus=Default\u0026sdp-st=H4sIAAAAAAAAAKtWCs3LLAkoykxODclPT89JDUgsSswtVrKqVirNK09RsiopKk2t1VHyLyjJzM8LSUxCUgEUdknNySxLLapE15uCIo5mSnBqTmoyiAFWD1JenKlkZWRkbGxqYW5haWqmo1RcpmRlYWliZmxgYGpgagbX6pNZXALTVVsLAH28YIe9AAAA"},"logging":{"alwaysSentLiveLog":false,"bypass":{"clickSchemas":[{"id":"10844","mandatory":{"logCategory":"event","logType":"click","pageName":"sdp","eventName":"click_sdp_option_comparison_table","domain":"sdp","sdpVisitKey":"c8rp7xn6lq37w74be8","productId":8009070810,"itemId":22335878956,"vendorItemId":89463005056,"categoryId":"1437","optionTableStyle":"sdp_standard","clickArea":"attributeOption","clickValue":"firstAttribute:164g","isImage":false},"version":"9"}]}}},"id":"NzYzN3wxNjRn","invalid":false,"selected":false,"selectedValue":["7652:NzY1Mnw06rCc","7637:NzYzN3wxNjRn"],"soldOut":false,"valueName":"164g"}],"style":"TAB","title":"개당 중량 × 수량: ","valueName":"41g × 4개"}],"viewType":"PRODUCT_OPTION_TABLE_TAB_SELECTOR"},{"data":{"description":"배송비 포함","title":"더 많은 옵션 보기"},"viewType":"PRODUCT_OPTION_TABLE_TOGGLE_HEADER"},{"landingItemId":22335878956,"landingProductId":8009070810,"landingVendorItemId":89463005056,"logging":{"alwaysSentLiveLog":false,"bypass":{"exposureSchema":{"id":"10843","mandatory":{"logCategory":"impression","logType":"impression","pageName":"sdp","eventName":"impression_sdp_option_comparison_table","domain":"sdp","sdpVisitKey":"c8rp7xn6lq37w74be8","productId":8009070810,"itemId":22335878956,"vendorItemId":89463005056,"categoryId":"1437","optionTableStyle":"sdp_standard","attributes":"개당 중량,수량","isSeeAll":true,"isImage":false,"firstAttributeOptionList":"attribute1:41g,attribute2:49g,attribute3:164g","selectedAttribute":"firstAttribute:41g","listVendorItemId":"option1:89463005056,option2:89463066143,option3:89463066217,option4:89463066340","listVendorItemPrice":"option1:4350,option2:13050,option3:16960,option4:25440","listQty":"option1:4개,option2:12개,option3:16개,option4:24개","listDeliveryType":"option1:ROCKET,option2:ROCKET,option3:ROCKET,option4:ROCKET","listUnitPrice":"option1:265,option2:265,option3:259,option4:259","listMin":"option1:false,option2:false,option3:true,option4:false","listOos":"option1:false,option2:false,option3:false,option4:false","listDefault":"option1:true,option2:true,option3:true,option4:true","listPriceLabel":"option1:,option2:,option3:,option4:","selectedOption":"option1"},"version":"12"}}},"optionList":[{"action":{"event":{"url":"/vm/v5/products/8009070810/vendor-items/89463005056?landingItemId=22335878956\u0026landingProductId=8009070810\u0026landingVendorItemId=89463005056"},"logging":{"alwaysSentLiveLog":false,"bypass":{"clickSchemas":[{"id":"10844","mandatory":{"logCategory":"event","logType":"click","pageName":"sdp","eventName":"click_sdp_option_comparison_table","domain":"sdp","sdpVisitKey":"c8rp7xn6lq37w74be8","productId":8009070810,"itemId":22335878956,"vendorItemId":89463005056,"categoryId":"1437","clickArea":"option","clickValue":"option1:89463005056","isImage":false},"version":"9"}]}}},"defaultShow":true,"deliveryBadgeUrl":"https://image7.coupangcdn.com/image/coupang/rds/logo/hdpi/logo_rocket_small.png","deliveryType":"ROCKET","finalPrice":"4,350원","finalUnitPrice":"10g당 265원","hoverImageUrl":"//thumbnail9.coupangcdn.com/thumbnails/remote/492x492ex/image/retail/images/2024/04/10/15/1/1e559580-921f-4b51-b9e7-225479eaccf5.jpg","hoverSelectionText":"41g × 4개","itemId":22335878956,"optionItemName":"4개","selected":true,"soldOut":false,"vendorItemId":89463005056},{"action":{"event":{"url":"/vm/v5/products/8009070810/vendor-items/89463066143?landingItemId=22335878956\u0026landingProductId=8009070810\u0026landingVendorItemId=89463005056"},"logging":{"alwaysSentLiveLog":false,"bypass":{"clickSchemas":[{"id":"10844","mandatory":{"logCategory":"event","logType":"click","pageName":"sdp","eventName":"click_sdp_option_comparison_table","domain":"sdp","sdpVisitKey":"c8rp7xn6lq37w74be8","productId":8009070810,"itemId":22335878956,"vendorItemId":89463005056,"categoryId":"1437","clickArea":"option","clickValue":"option2:89463066143","isImage":false},"version":"9"}]}}},"defaultShow":true,"deliveryBadgeUrl":"https://image7.coupangcdn.com/image/coupang/rds/logo/hdpi/logo_rocket_small.png","deliveryType":"ROCKET","finalPrice":"13,050원","finalUnitPrice":"10g당 265원","hoverImageUrl":"//thumbnail8.coupangcdn.com/thumbnails/remote/492x492ex/image/retail/images/d28128a4-5692-47ec-8370-35e839e26cd65095836669349866896.png","hoverSelectionText":"41g × 12개","itemId":22418305583,"optionItemName":"12개","selected":false,"soldOut":false,"vendorItemId":89463066143},{"action":{"event":{"url":"/vm/v5/products/8009070810/vendor-items/89463066217?landingItemId=22335878956\u0026landingProductId=8009070810\u0026landingVendorItemId=89463005056"},"logging":{"alwaysSentLiveLog":false,"bypass":{"clickSchemas":[{"id":"10844","mandatory":{"logCategory":"event","logType":"click","pageName":"sdp","eventName":"click_sdp_option_comparison_table","domain":"sdp","sdpVisitKey":"c8rp7xn6lq37w74be8","productId":8009070810,"itemId":22335878956,"vendorItemId":89463005056,"categoryId":"1437","clickArea":"option","clickValue":"option3:89463066217","isImage":false},"version":"9"}]}}},"defaultShow":true,"deliveryBadgeUrl":"https://image7.coupangcdn.com/image/coupang/rds/logo/hdpi/logo_rocket_small.png","deliveryType":"ROCKET","finalPrice":"16,960원","finalUnitPrice":"10g당 259원","finalUnitPriceLabel":"(최저 단위가)","hoverImageUrl":"//thumbnail7.coupangcdn.com/thumbnails/remote/492x492ex/image/retail/images/fd170c51-0699-4873-856e-e5bc73ab7f871099285492963579520.png","hoverSelectionText":"41g × 16개","itemId":22418305669,"optionItemName":"16개","selected":false,"soldOut":false,"vendorItemId":89463066217},{"action":{"event":{"url":"/vm/v5/products/8009070810/vendor-items/89463066340?landingItemId=22335878956\u0026landingProductId=8009070810\u0026landingVendorItemId=89463005056"},"logging":{"alwaysSentLiveLog":false,"bypass":{"clickSchemas":[{"id":"10844","mandatory":{"logCategory":"event","logType":"click","pageName":"sdp","eventName":"click_sdp_option_comparison_table","domain":"sdp","sdpVisitKey":"c8rp7xn6lq37w74be8","productId":8009070810,"itemId":22335878956,"vendorItemId":89463005056,"categoryId":"1437","clickArea":"option","clickValue":"option4:89463066340","isImage":false},"version":"9"}]}}},"defaultShow":true,"deliveryBadgeUrl":"https://image7.coupangcdn.com/image/coupang/rds/logo/hdpi/logo_rocket_small.png","deliveryType":"ROCKET","finalPrice":"25,440원","finalUnitPrice":"10g당 259원","hoverImageUrl":"//thumbnail10.coupangcdn.com/thumbnails/remote/492x492ex/image/retail/images/99e7a4cd-42b9-4ab7-a2fe-66df300004e0575616690336396732.png","hoverSelectionText":"41g × 24개","itemId":22418305736,"optionItemName":"24개","selected":false,"soldOut":false,"vendorItemId":89463066340}],"seeAllButton":{"action":{"logging":{"alwaysSentLiveLog":false,"bypass":{"clickSchemas":[{"id":"10844","mandatory":{"logCategory":"event","logType":"click","pageName":"sdp","eventName":"click_sdp_option_comparison_table","domain":"sdp","sdpVisitKey":"c8rp7xn6lq37w74be8","productId":8009070810,"itemId":22335878956,"vendorItemId":89463005056,"categoryId":"1437","clickArea":"seeAll","clickValue":"모든 옵션 보기","isImage":false,"isToggleOn":true},"version":"9"}]}}},"buttonText":"모든 옵션 보기"},"style":"SHORT_ATTR","tableId":"NzYzN3w0MWc","viewType":"PRODUCT_OPTION_TABLE_LIST_VIEW"},{"items":[{"action":{"event":{"url":"vp/products/8009070810/vendoritems/89463005056"},"logging":{"alwaysSentLiveLog":false,"bypass":{"clickSchemas":[{"id":"5104","mandatory":{"domain":"sdp","logCategory":"event","logType":"click","pageName":"option_list","eventName":"option_list_click","sdpVisitKey":"c8rp7xn6lq37w74be8","vendorItemId":89463005056,"vendorItemIdAttributes":"41g_4개_unitPrice:265_vendorItemPrice:4350_deliveryType:ROCKET_deliveryFee:0"},"version":"4"}],"exposureSchema":{"id":"5112","mandatory":{"logCategory":"impression","logType":"impression","pageName":"option_list","eventName":"option_list_item_impression","domain":"sdp","referSdpItem":"p8009070810_i22335878956_v89463005056","sdpVisitKey":"c8rp7xn6lq37w74be8","vendorItemId":"89463005056","vendorItemIdAttributes":"41g_4개_unitPrice:265_vendorItemPrice:4350_deliveryType:ROCKET_deliveryFee:0"},"version":"6"}}}},"deliveryInfo":{"deliveryBadge":{"height":16,"url":"https://image6.coupangcdn.com/image/coupang/rds/logo/hdpi/logo_rocket_medium.png","width":64},"deliveryDateColor":"GREEN","deliveryDateDescriptions":"내일(일) 11/10 도착 보장"},"itemBasicInfo":{"invalid":false,"itemId":22335878956,"itemName":"41g × 4개","vendorItemId":89463005056},"priceInfo":{"finalDeliveryDescription":"무료배송","finalPrice":"4,350원","finalUnitPrice":"(10g당 265원)"},"selected":true,"stockInfo":{"logistics":true,"restockNotification":false,"soldOut":false}},{"action":{"event":{"url":"vp/products/8009070810/vendoritems/89463066056"},"logging":{"alwaysSentLiveLog":false,"bypass":{"clickSchemas":[{"id":"5104","mandatory":{"domain":"sdp","logCategory":"event","logType":"click","pageName":"option_list","eventName":"option_list_click","sdpVisitKey":"c8rp7xn6lq37w74be8","vendorItemId":89463066056,"vendorItemIdAttributes":"41g_8개_unitPrice:265_vendorItemPrice:8700_deliveryType:ROCKET_deliveryFee:0"},"version":"4"}],"exposureSchema":{"id":"5112","mandatory":{"logCategory":"impression","logType":"impression","pageName":"option_list","eventName":"option_list_item_impression","domain":"sdp","referSdpItem":"p8009070810_i22335878956_v89463005056","sdpVisitKey":"c8rp7xn6lq37w74be8","vendorItemId":"89463066056","vendorItemIdAttributes":"41g_8개_unitPrice:265_vendorItemPrice:8700_deliveryType:ROCKET_deliveryFee:0"},"version":"6"}}}},"deliveryInfo":{"deliveryBadge":{"height":16,"url":"https://image6.coupangcdn.com/image/coupang/rds/logo/hdpi/logo_rocket_medium.png","width":64},"deliveryDateColor":"GREEN","deliveryDateDescriptions":"내일(일) 11/10 도착 보장"},"itemBasicInfo":{"invalid":false,"itemId":23917996268,"itemName":"41g × 8개","vendorItemId":89463066056},"priceInfo":{"finalDeliveryDescription":"무료배송","finalPrice":"8,700원","finalUnitPrice":"(10g당 265원)"},"stockInfo":{"logistics":true,"restockNotification":false,"soldOut":false}},{"action":{"event":{"url":"vp/products/8009070810/vendoritems/89463066143"},"logging":{"alwaysSentLiveLog":false,"bypass":{"clickSchemas":[{"id":"5104","mandatory":{"domain":"sdp","logCategory":"event","logType":"click","pageName":"option_list","eventName":"option_list_click","sdpVisitKey":"c8rp7xn6lq37w74be8","vendorItemId":89463066143,"vendorItemIdAttributes":"41g_12개_unitPrice:265_vendorItemPrice:13050_deliveryType:ROCKET_deliveryFee:0"},"version":"4"}],"exposureSchema":{"id":"5112","mandatory":{"logCategory":"impression","logType":"impression","pageName":"option_list","eventName":"option_list_item_impression","domain":"sdp","referSdpItem":"p8009070810_i22335878956_v89463005056","sdpVisitKey":"c8rp7xn6lq37w74be8","vendorItemId":"89463066143","vendorItemIdAttributes":"41g_12개_unitPrice:265_vendorItemPrice:13050_deliveryType:ROCKET_deliveryFee:0"},"version":"6"}}}},"deliveryInfo":{"deliveryBadge":{"height":16,"url":"https://image6.coupangcdn.com/image/coupang/rds/logo/hdpi/logo_rocket_medium.png","width":64},"deliveryDateColor":"GREEN","deliveryDateDescriptions":"내일(일) 11/10 도착 보장"},"itemBasicInfo":{"invalid":false,"itemId":22418305583,"itemName":"41g × 12개","vendorItemId":89463066143},"priceInfo":{"finalDeliveryDescription":"무료배송","finalPrice":"13,050원","finalUnitPrice":"(10g당 265원)"},"stockInfo":{"logistics":true,"restockNotification":false,"soldOut":false}},{"action":{"event":{"url":"vp/products/8009070810/vendoritems/89463066217"},"logging":{"alwaysSentLiveLog":false,"bypass":{"clickSchemas":[{"id":"5104","mandatory":{"domain":"sdp","logCategory":"event","logType":"click","pageName":"option_list","eventName":"option_list_click","sdpVisitKey":"c8rp7xn6lq37w74be8","vendorItemId":89463066217,"vendorItemIdAttributes":"41g_16개_unitPrice:259_vendorItemPrice:16960_deliveryType:ROCKET_deliveryFee:0"},"version":"4"}],"exposureSchema":{"id":"5112","mandatory":{"logCategory":"impression","logType":"impression","pageName":"option_list","eventName":"option_list_item_impression","domain":"sdp","referSdpItem":"p8009070810_i22335878956_v89463005056","sdpVisitKey":"c8rp7xn6lq37w74be8","vendorItemId":"89463066217","vendorItemIdAttributes":"41g_16개_unitPrice:259_vendorItemPrice:16960_deliveryType:ROCKET_deliveryFee:0"},"version":"6"}}}},"deliveryInfo":{"deliveryBadge":{"height":16,"url":"https://image6.coupangcdn.com/image/coupang/rds/logo/hdpi/logo_rocket_medium.png","width":64},"deliveryDateColor":"GREEN","deliveryDateDescriptions":"내일(일) 11/10 도착 보장"},"itemBasicInfo":{"invalid":false,"itemId":22418305669,"itemName":"41g × 16개","vendorItemId":89463066217},"priceInfo":{"finalDeliveryDescription":"무료배송","finalPrice":"16,960원","finalUnitPrice":"(10g당 259원)"},"stockInfo":{"logistics":true,"restockNotification":false,"soldOut":false}},{"action":{"event":{"url":"vp/products/8009070810/vendoritems/89463066333"},"logging":{"alwaysSentLiveLog":false,"bypass":{"clickSchemas":[{"id":"5104","mandatory":{"domain":"sdp","logCategory":"event","logType":"click","pageName":"option_list","eventName":"option_list_click","sdpVisitKey":"c8rp7xn6lq37w74be8","vendorItemId":89463066333,"vendorItemIdAttributes":"41g_20개_unitPrice:259_vendorItemPrice:21200_deliveryType:ROCKET_deliveryFee:0"},"version":"4"}],"exposureSchema":{"id":"5112","mandatory":{"logCategory":"impression","logType":"impression","pageName":"option_list","eventName":"option_list_item_impression","domain":"sdp","referSdpItem":"p8009070810_i22335878956_v89463005056","sdpVisitKey":"c8rp7xn6lq37w74be8","vendorItemId":"89463066333","vendorItemIdAttributes":"41g_20개_unitPrice:259_vendorItemPrice:21200_deliveryType:ROCKET_deliveryFee:0"},"version":"6"}}}},"deliveryInfo":{"deliveryBadge":{"height":16,"url":"https://image6.coupangcdn.com/image/coupang/rds/logo/hdpi/logo_rocket_medium.png","width":64},"deliveryDateColor":"GREEN","deliveryDateDescriptions":"내일(일) 11/10 도착 보장"},"itemBasicInfo":{"invalid":false,"itemId":22418305739,"itemName":"41g × 20개","vendorItemId":89463066333},"priceInfo":{"finalDeliveryDescription":"무료배송","finalPrice":"21,200원","finalUnitPrice":"(10g당 259원)"},"stockInfo":{"logistics":true,"restockNotification":false,"soldOut":false}},{"action":{"event":{"url":"vp/products/8009070810/vendoritems/89463066340"},"logging":{"alwaysSentLiveLog":false,"bypass":{"clickSchemas":[{"id":"5104","mandatory":{"domain":"sdp","logCategory":"event","logType":"click","pageName":"option_list","eventName":"option_list_click","sdpVisitKey":"c8rp7xn6lq37w74be8","vendorItemId":89463066340,"vendorItemIdAttributes":"41g_24개_unitPrice:259_vendorItemPrice:25440_deliveryType:ROCKET_deliveryFee:0"},"version":"4"}],"exposureSchema":{"id":"5112","mandatory":{"logCategory":"impression","logType":"impression","pageName":"option_list","eventName":"option_list_item_impression","domain":"sdp","referSdpItem":"p8009070810_i22335878956_v89463005056","sdpVisitKey":"c8rp7xn6lq37w74be8","vendorItemId":"89463066340","vendorItemIdAttributes":"41g_24개_unitPrice:259_vendorItemPrice:25440_deliveryType:ROCKET_deliveryFee:0"},"version":"6"}}}},"deliveryInfo":{"deliveryBadge":{"height":16,"url":"https://image6.coupangcdn.com/image/coupang/rds/logo/hdpi/logo_rocket_medium.png","width":64},"deliveryDateColor":"GREEN","deliveryDateDescriptions":"내일(일) 11/10 도착 보장"},"itemBasicInfo":{"invalid":false,"itemId":22418305736,"itemName":"41g × 24개","vendorItemId":89463066340},"priceInfo":{"finalDeliveryDescription":"무료배송","finalPrice":"25,440원","finalUnitPrice":"(10g당 259원)"},"stockInfo":{"logistics":true,"restockNotification":false,"soldOut":false}},{"action":{"event":{"url":"vp/products/8009070810/vendoritems/91050795577"},"logging":{"alwaysSentLiveLog":false,"bypass":{"clickSchemas":[{"id":"5104","mandatory":{"domain":"sdp","logCategory":"event","logType":"click","pageName":"option_list","eventName":"option_list_click","sdpVisitKey":"c8rp7xn6lq37w74be8","vendorItemId":91050795577,"vendorItemIdAttributes":"49g_2개_unitPrice:589_vendorItemPrice:5770_deliveryType:3p_deliveryFee:0"},"version":"4"}],"exposureSchema":{"id":"5112","mandatory":{"logCategory":"impression","logType":"impression","pageName":"option_list","eventName":"option_list_item_impression","domain":"sdp","referSdpItem":"p8009070810_i22335878956_v89463005056","sdpVisitKey":"c8rp7xn6lq37w74be8","vendorItemId":"91050795577","vendorItemIdAttributes":"49g_2개_unitPrice:589_vendorItemPrice:5770_deliveryType:3p_deliveryFee:0"},"version":"6"}}}},"deliveryInfo":{"deliveryDateDescriptions":"수요일 11/13 도착 예정 (판매자배송)"},"itemBasicInfo":{"invalid":false,"itemId":22509621257,"itemName":"49g × 2개","vendorItemId":91050795577},"priceInfo":{"finalDeliveryDescription":"무료배송","finalPrice":"5,770원","finalUnitPrice":"(10g당 589원)"},"stockInfo":{"logistics":false,"restockNotification":false,"soldOut":false}},{"action":{"event":{"url":"vp/products/8009070810/vendoritems/90734949233"},"logging":{"alwaysSentLiveLog":false,"bypass":{"clickSchemas":[{"id":"5104","mandatory":{"domain":"sdp","logCategory":"event","logType":"click","pageName":"option_list","eventName":"option_list_click","sdpVisitKey":"c8rp7xn6lq37w74be8","vendorItemId":90734949233,"vendorItemIdAttributes":"49g_5개_unitPrice:359_vendorItemPrice:8800_deliveryType:3p_deliveryFee:0"},"version":"4"}],"exposureSchema":{"id":"5112","mandatory":{"logCategory":"impression","logType":"impression","pageName":"option_list","eventName":"option_list_item_impression","domain":"sdp","referSdpItem":"p8009070810_i22335878956_v89463005056","sdpVisitKey":"c8rp7xn6lq37w74be8","vendorItemId":"90734949233","vendorItemIdAttributes":"49g_5개_unitPrice:359_vendorItemPrice:8800_deliveryType:3p_deliveryFee:0"},"version":"6"}}}},"deliveryInfo":{"deliveryDateDescriptions":"수요일 11/13 도착 예정 (판매자배송)"},"itemBasicInfo":{"invalid":false,"itemId":22525736671,"itemName":"49g × 5개","vendorItemId":90734949233},"priceInfo":{"finalDeliveryDescription":"무료배송","finalPrice":"8,800원","finalUnitPrice":"(10g당 359원)"},"stockInfo":{"logistics":false,"restockNotification":false,"soldOut":false}},{"action":{"event":{"url":"vp/products/8009070810/vendoritems/90398049770"},"logging":{"alwaysSentLiveLog":false,"bypass":{"clickSchemas":[{"id":"5104","mandatory":{"domain":"sdp","logCategory":"event","logType":"click","pageName":"option_list","eventName":"option_list_click","sdpVisitKey":"c8rp7xn6lq37w74be8","vendorItemId":90398049770,"vendorItemIdAttributes":"49g_8개_unitPrice:359_vendorItemPrice:14060_deliveryType:3p_deliveryFee:0"},"version":"4"}],"exposureSchema":{"id":"5112","mandatory":{"logCategory":"impression","logType":"impression","pageName":"option_list","eventName":"option_list_item_impression","domain":"sdp","referSdpItem":"p8009070810_i22335878956_v89463005056","sdpVisitKey":"c8rp7xn6lq37w74be8","vendorItemId":"90398049770","vendorItemIdAttributes":"49g_8개_unitPrice:359_vendorItemPrice:14060_deliveryType:3p_deliveryFee:0"},"version":"6"}}}},"deliveryInfo":{"deliveryDateDescriptions":"수요일 11/13 도착 예정 (판매자배송)"},"itemBasicInfo":{"invalid":false,"itemId":22509621272,"itemName":"49g × 8개","vendorItemId":90398049770},"priceInfo":{"finalDeliveryDescription":"무료배송","finalPrice":"14,060원","finalUnitPrice":"(10g당 359원)"},"stockInfo":{"logistics":false,"restockNotification":false,"soldOut":false}},{"action":{"event":{"url":"vp/products/8009070810/vendoritems/91050813319"},"logging":{"alwaysSentLiveLog":false,"bypass":{"clickSchemas":[{"id":"5104","mandatory":{"domain":"sdp","logCategory":"event","logType":"click","pageName":"option_list","eventName":"option_list_click","sdpVisitKey":"c8rp7xn6lq37w74be8","vendorItemId":91050813319,"vendorItemIdAttributes":"49g_10개_unitPrice:331_vendorItemPrice:16220_deliveryType:3p_deliveryFee:0"},"version":"4"}],"exposureSchema":{"id":"5112","mandatory":{"logCategory":"impression","logType":"impression","pageName":"option_list","eventName":"option_list_item_impression","domain":"sdp","referSdpItem":"p8009070810_i22335878956_v89463005056","sdpVisitKey":"c8rp7xn6lq37w74be8","vendorItemId":"91050813319","vendorItemIdAttributes":"49g_10개_unitPrice:331_vendorItemPrice:16220_deliveryType:3p_deliveryFee:0"},"version":"6"}}}},"deliveryInfo":{"deliveryDateDescriptions":"화요일 11/12 도착 예정 (판매자배송)"},"itemBasicInfo":{"invalid":false,"itemId":22995752052,"itemName":"49g × 10개","vendorItemId":91050813319},"priceInfo":{"finalDeliveryDescription":"무료배송","finalPrice":"16,220원","finalUnitPrice":"(10g당 331원)"},"stockInfo":{"logistics":false,"restockNotification":false,"soldOut":false}},{"action":{"event":{"url":"vp/products/8009070810/vendoritems/90734949229"},"logging":{"alwaysSentLiveLog":false,"bypass":{"clickSchemas":[{"id":"5104","mandatory":{"domain":"sdp","logCategory":"event","logType":"click","pageName":"option_list","eventName":"option_list_click","sdpVisitKey":"c8rp7xn6lq37w74be8","vendorItemId":90734949229,"vendorItemIdAttributes":"49g_15개_unitPrice:327_vendorItemPrice:24020_deliveryType:3p_deliveryFee:0"},"version":"4"}],"exposureSchema":{"id":"5112","mandatory":{"logCategory":"impression","logType":"impression","pageName":"option_list","eventName":"option_list_item_impression","domain":"sdp","referSdpItem":"p8009070810_i22335878956_v89463005056","sdpVisitKey":"c8rp7xn6lq37w74be8","vendorItemId":"90734949229","vendorItemIdAttributes":"49g_15개_unitPrice:327_vendorItemPrice:24020_deliveryType:3p_deliveryFee:0"},"version":"6"}}}},"deliveryInfo":{"deliveryDateDescriptions":"수요일 11/13 도착 예정 (판매자배송)"},"itemBasicInfo":{"invalid":false,"itemId":22995752043,"itemName":"49g × 15개","vendorItemId":90734949229},"priceInfo":{"finalDeliveryDescription":"무료배송","finalPrice":"24,020원","finalUnitPrice":"(10g당 327원)"},"stockInfo":{"logistics":false,"restockNotification":false,"soldOut":false}},{"action":{"event":{"url":"vp/products/8009070810/vendoritems/89551713170"},"logging":{"alwaysSentLiveLog":false,"bypass":{"clickSchemas":[{"id":"5104","mandatory":{"domain":"sdp","logCategory":"event","logType":"click","pageName":"option_list","eventName":"option_list_click","sdpVisitKey":"c8rp7xn6lq37w74be8","vendorItemId":89551713170,"vendorItemIdAttributes":"49g_20개_unitPrice:319_vendorItemPrice:31250_deliveryType:3p_deliveryFee:0"},"version":"4"}],"exposureSchema":{"id":"5112","mandatory":{"logCategory":"impression","logType":"impression","pageName":"option_list","eventName":"option_list_item_impression","domain":"sdp","referSdpItem":"p8009070810_i22335878956_v89463005056","sdpVisitKey":"c8rp7xn6lq37w74be8","vendorItemId":"89551713170","vendorItemIdAttributes":"49g_20개_unitPrice:319_vendorItemPrice:31250_deliveryType:3p_deliveryFee:0"},"version":"6"}}}},"deliveryInfo":{"deliveryDateDescriptions":"화요일 11/12 도착 예정 (판매자배송)"},"itemBasicInfo":{"invalid":false,"itemId":22995513304,"itemName":"49g × 20개","vendorItemId":89551713170},"priceInfo":{"finalDeliveryDescription":"무료배송","finalPrice":"31,250원","finalUnitPrice":"(10g당 319원)"},"stockInfo":{"logistics":false,"restockNotification":false,"soldOut":false}},{"action":{"event":{"url":"vp/products/8009070810/vendoritems/91050795591"},"logging":{"alwaysSentLiveLog":false,"bypass":{"clickSchemas":[{"id":"5104","mandatory":{"domain":"sdp","logCategory":"event","logType":"click","pageName":"option_list","eventName":"option_list_click","sdpVisitKey":"c8rp7xn6lq37w74be8","vendorItemId":91050795591,"vendorItemIdAttributes":"49g_30개_unitPrice:249_vendorItemPrice:36630_deliveryType:3p_deliveryFee:0"},"version":"4"}],"exposureSchema":{"id":"5112","mandatory":{"logCategory":"impression","logType":"impression","pageName":"option_list","eventName":"option_list_item_impression","domain":"sdp","referSdpItem":"p8009070810_i22335878956_v89463005056","sdpVisitKey":"c8rp7xn6lq37w74be8","vendorItemId":"91050795591","vendorItemIdAttributes":"49g_30개_unitPrice:249_vendorItemPrice:36630_deliveryType:3p_deliveryFee:0"},"version":"6"}}}},"deliveryInfo":{"deliveryDateDescriptions":"화요일 11/12 도착 예정 (판매자배송)"},"itemBasicInfo":{"invalid":false,"itemId":22634220233,"itemName":"49g × 30개","vendorItemId":91050795591},"priceInfo":{"finalDeliveryDescription":"무료배송","finalPrice":"36,630원","finalUnitPrice":"(10g당 249원)"},"stockInfo":{"logistics":false,"restockNotification":false,"soldOut":false}},{"action":{"event":{"url":"vp/products/8009070810/vendoritems/89477692456"},"logging":{"alwaysSentLiveLog":false,"bypass":{"clickSchemas":[{"id":"5104","mandatory":{"domain":"sdp","logCategory":"event","logType":"click","pageName":"option_list","eventName":"option_list_click","sdpVisitKey":"c8rp7xn6lq37w74be8","vendorItemId":89477692456,"vendorItemIdAttributes":"164g_1개_unitPrice:402_vendorItemPrice:6600_deliveryType:3p_deliveryFee:0"},"version":"4"}],"exposureSchema":{"id":"5112","mandatory":{"logCategory":"impression","logType":"impression","pageName":"option_list","eventName":"option_list_item_impression","domain":"sdp","referSdpItem":"p8009070810_i22335878956_v89463005056","sdpVisitKey":"c8rp7xn6lq37w74be8","vendorItemId":"89477692456","vendorItemIdAttributes":"164g_1개_unitPrice:402_vendorItemPrice:6600_deliveryType:3p_deliveryFee:0"},"version":"6"}}}},"deliveryInfo":{"deliveryDateDescriptions":"수요일 11/13 도착 예정 (판매자배송)"},"itemBasicInfo":{"invalid":false,"itemId":22433069377,"itemName":"164g × 1개","vendorItemId":89477692456},"priceInfo":{"finalDeliveryDescription":"무료배송","finalPrice":"6,600원","finalUnitPrice":"(10g당 402원)"},"stockInfo":{"logistics":false,"restockNotification":false,"soldOut":false}},{"action":{"event":{"url":"vp/products/8009070810/vendoritems/89477692377"},"logging":{"alwaysSentLiveLog":false,"bypass":{"clickSchemas":[{"id":"5104","mandatory":{"domain":"sdp","logCategory":"event","logType":"click","pageName":"option_list","eventName":"option_list_click","sdpVisitKey":"c8rp7xn6lq37w74be8","vendorItemId":89477692377,"vendorItemIdAttributes":"164g_2개_unitPrice:353_vendorItemPrice:11570_deliveryType:3p_deliveryFee:0"},"version":"4"}],"exposureSchema":{"id":"5112","mandatory":{"logCategory":"impression","logType":"impression","pageName":"option_list","eventName":"option_list_item_impression","domain":"sdp","referSdpItem":"p8009070810_i22335878956_v89463005056","sdpVisitKey":"c8rp7xn6lq37w74be8","vendorItemId":"89477692377","vendorItemIdAttributes":"164g_2개_unitPrice:353_vendorItemPrice:11570_deliveryType:3p_deliveryFee:0"},"version":"6"}}}},"deliveryInfo":{"deliveryDateDescriptions":"수요일 11/13 도착 예정 (판매자배송)"},"itemBasicInfo":{"invalid":false,"itemId":22433069356,"itemName":"164g × 2개","vendorItemId":89477692377},"priceInfo":{"finalDeliveryDescription":"무료배송","finalPrice":"11,570원","finalUnitPrice":"(10g당 353원)"},"stockInfo":{"logistics":false,"restockNotification":false,"soldOut":false}},{"action":{"event":{"url":"vp/products/8009070810/vendoritems/89477692388"},"logging":{"alwaysSentLiveLog":false,"bypass":{"clickSchemas":[{"id":"5104","mandatory":{"domain":"sdp","logCategory":"event","logType":"click","pageName":"option_list","eventName":"option_list_click","sdpVisitKey":"c8rp7xn6lq37w74be8","vendorItemId":89477692388,"vendorItemIdAttributes":"164g_3개_unitPrice:325_vendorItemPrice:15970_deliveryType:3p_deliveryFee:0"},"version":"4"}],"exposureSchema":{"id":"5112","mandatory":{"logCategory":"impression","logType":"impression","pageName":"option_list","eventName":"option_list_item_impression","domain":"sdp","referSdpItem":"p8009070810_i22335878956_v89463005056","sdpVisitKey":"c8rp7xn6lq37w74be8","vendorItemId":"89477692388","vendorItemIdAttributes":"164g_3개_unitPrice:325_vendorItemPrice:15970_deliveryType:3p_deliveryFee:0"},"version":"6"}}}},"deliveryInfo":{"deliveryDateDescriptions":"수요일 11/13 도착 예정 (판매자배송)"},"itemBasicInfo":{"invalid":false,"itemId":22433069360,"itemName":"164g × 3개","vendorItemId":89477692388},"priceInfo":{"finalDeliveryDescription":"무료배송","finalPrice":"15,970원","finalUnitPrice":"(10g당 325원)"},"stockInfo":{"logistics":false,"restockNotification":false,"soldOut":false}},{"action":{"event":{"url":"vp/products/8009070810/vendoritems/89477692473"},"logging":{"alwaysSentLiveLog":false,"bypass":{"clickSchemas":[{"id":"5104","mandatory":{"domain":"sdp","logCategory":"event","logType":"click","pageName":"option_list","eventName":"option_list_click","sdpVisitKey":"c8rp7xn6lq37w74be8","vendorItemId":89477692473,"vendorItemIdAttributes":"164g_4개_unitPrice:313_vendorItemPrice:20500_deliveryType:3p_deliveryFee:0"},"version":"4"}],"exposureSchema":{"id":"5112","mandatory":{"logCategory":"impression","logType":"impression","pageName":"option_list","eventName":"option_list_item_impression","domain":"sdp","referSdpItem":"p8009070810_i22335878956_v89463005056","sdpVisitKey":"c8rp7xn6lq37w74be8","vendorItemId":"89477692473","vendorItemIdAttributes":"164g_4개_unitPrice:313_vendorItemPrice:20500_deliveryType:3p_deliveryFee:0"},"version":"6"}}}},"deliveryInfo":{"deliveryDateDescriptions":"수요일 11/13 도착 예정 (판매자배송)"},"itemBasicInfo":{"invalid":false,"itemId":22433069383,"itemName":"164g × 4개","vendorItemId":89477692473},"priceInfo":{"finalDeliveryDescription":"무료배송","finalPrice":"20,500원","finalUnitPrice":"(10g당 313원)"},"stockInfo":{"logistics":false,"restockNotification":false,"soldOut":false}},{"action":{"event":{"url":"vp/products/8009070810/vendoritems/89477692442"},"logging":{"alwaysSentLiveLog":false,"bypass":{"clickSchemas":[{"id":"5104","mandatory":{"domain":"sdp","logCategory":"event","logType":"click","pageName":"option_list","eventName":"option_list_click","sdpVisitKey":"c8rp7xn6lq37w74be8","vendorItemId":89477692442,"vendorItemIdAttributes":"164g_5개_unitPrice:307_vendorItemPrice:25200_deliveryType:3p_deliveryFee:0"},"version":"4"}],"exposureSchema":{"id":"5112","mandatory":{"logCategory":"impression","logType":"impression","pageName":"option_list","eventName":"option_list_item_impression","domain":"sdp","referSdpItem":"p8009070810_i22335878956_v89463005056","sdpVisitKey":"c8rp7xn6lq37w74be8","vendorItemId":"89477692442","vendorItemIdAttributes":"164g_5개_unitPrice:307_vendorItemPrice:25200_deliveryType:3p_deliveryFee:0"},"version":"6"}}}},"deliveryInfo":{"deliveryDateDescriptions":"수요일 11/13 도착 예정 (판매자배송)"},"itemBasicInfo":{"invalid":false,"itemId":22433069375,"itemName":"164g × 5개","vendorItemId":89477692442},"priceInfo":{"finalDeliveryDescription":"무료배송","finalPrice":"25,200원","finalUnitPrice":"(10g당 307원)"},"stockInfo":{"logistics":false,"restockNotification":false,"soldOut":false}},{"action":{"event":{"url":"vp/products/8009070810/vendoritems/89477692434"},"logging":{"alwaysSentLiveLog":false,"bypass":{"clickSchemas":[{"id":"5104","mandatory":{"domain":"sdp","logCategory":"event","logType":"click","pageName":"option_list","eventName":"option_list_click","sdpVisitKey":"c8rp7xn6lq37w74be8","vendorItemId":89477692434,"vendorItemIdAttributes":"164g_6개_unitPrice:301_vendorItemPrice:29600_deliveryType:3p_deliveryFee:0"},"version":"4"}],"exposureSchema":{"id":"5112","mandatory":{"logCategory":"impression","logType":"impression","pageName":"option_list","eventName":"option_list_item_impression","domain":"sdp","referSdpItem":"p8009070810_i22335878956_v89463005056","sdpVisitKey":"c8rp7xn6lq37w74be8","vendorItemId":"89477692434","vendorItemIdAttributes":"164g_6개_unitPrice:301_vendorItemPrice:29600_deliveryType:3p_deliveryFee:0"},"version":"6"}}}},"deliveryInfo":{"deliveryDateDescriptions":"수요일 11/13 도착 예정 (판매자배송)"},"itemBasicInfo":{"invalid":false,"itemId":22433069371,"itemName":"164g × 6개","vendorItemId":89477692434},"priceInfo":{"finalDeliveryDescription":"무료배송","finalPrice":"29,600원","finalUnitPrice":"(10g당 301원)"},"stockInfo":{"logistics":false,"restockNotification":false,"soldOut":false}},{"action":{"event":{"url":"vp/products/8009070810/vendoritems/89477692465"},"logging":{"alwaysSentLiveLog":false,"bypass":{"clickSchemas":[{"id":"5104","mandatory":{"domain":"sdp","logCategory":"event","logType":"click","pageName":"option_list","eventName":"option_list_click","sdpVisitKey":"c8rp7xn6lq37w74be8","vendorItemId":89477692465,"vendorItemIdAttributes":"164g_8개_unitPrice:294_vendorItemPrice:38600_deliveryType:3p_deliveryFee:0"},"version":"4"}],"exposureSchema":{"id":"5112","mandatory":{"logCategory":"impression","logType":"impression","pageName":"option_list","eventName":"option_list_item_impression","domain":"sdp","referSdpItem":"p8009070810_i22335878956_v89463005056","sdpVisitKey":"c8rp7xn6lq37w74be8","vendorItemId":"89477692465","vendorItemIdAttributes":"164g_8개_unitPrice:294_vendorItemPrice:38600_deliveryType:3p_deliveryFee:0"},"version":"6"}}}},"deliveryInfo":{"deliveryDateDescriptions":"수요일 11/13 도착 예정 (판매자배송)"},"itemBasicInfo":{"invalid":false,"itemId":22433069380,"itemName":"164g × 8개","vendorItemId":89477692465},"priceInfo":{"finalDeliveryDescription":"무료배송","finalPrice":"38,600원","finalUnitPrice":"(10g당 294원)"},"stockInfo":{"logistics":false,"restockNotification":false,"soldOut":false}},{"action":{"event":{"url":"vp/products/8009070810/vendoritems/89477692421"},"logging":{"alwaysSentLiveLog":false,"bypass":{"clickSchemas":[{"id":"5104","mandatory":{"domain":"sdp","logCategory":"event","logType":"click","pageName":"option_list","eventName":"option_list_click","sdpVisitKey":"c8rp7xn6lq37w74be8","vendorItemId":89477692421,"vendorItemIdAttributes":"164g_10개_unitPrice:291_vendorItemPrice:47800_deliveryType:3p_deliveryFee:0"},"version":"4"}],"exposureSchema":{"id":"5112","mandatory":{"logCategory":"impression","logType":"impression","pageName":"option_list","eventName":"option_list_item_impression","domain":"sdp","referSdpItem":"p8009070810_i22335878956_v89463005056","sdpVisitKey":"c8rp7xn6lq37w74be8","vendorItemId":"89477692421","vendorItemIdAttributes":"164g_10개_unitPrice:291_vendorItemPrice:47800_deliveryType:3p_deliveryFee:0"},"version":"6"}}}},"deliveryInfo":{"deliveryDateDescriptions":"수요일 11/13 도착 예정 (판매자배송)"},"itemBasicInfo":{"invalid":false,"itemId":22433069369,"itemName":"164g × 10개","vendorItemId":89477692421},"priceInfo":{"finalDeliveryDescription":"무료배송","finalPrice":"47,800원","finalUnitPrice":"(10g당 291원)"},"stockInfo":{"logistics":false,"restockNotification":false,"soldOut":false}},{"action":{"event":{"url":"vp/products/8009070810/vendoritems/89477692408"},"logging":{"alwaysSentLiveLog":false,"bypass":{"clickSchemas":[{"id":"5104","mandatory":{"domain":"sdp","logCategory":"event","logType":"click","pageName":"option_list","eventName":"option_list_click","sdpVisitKey":"c8rp7xn6lq37w74be8","vendorItemId":89477692408,"vendorItemIdAttributes":"164g_12개_unitPrice:264_vendorItemPrice:52000_deliveryType:3p_deliveryFee:0"},"version":"4"}],"exposureSchema":{"id":"5112","mandatory":{"logCategory":"impression","logType":"impression","pageName":"option_list","eventName":"option_list_item_impression","domain":"sdp","referSdpItem":"p8009070810_i22335878956_v89463005056","sdpVisitKey":"c8rp7xn6lq37w74be8","vendorItemId":"89477692408","vendorItemIdAttributes":"164g_12개_unitPrice:264_vendorItemPrice:52000_deliveryType:3p_deliveryFee:0"},"version":"6"}}}},"deliveryInfo":{"deliveryDateDescriptions":"수요일 11/13 도착 예정 (판매자배송)"},"itemBasicInfo":{"invalid":false,"itemId":22433069364,"itemName":"164g × 12개","vendorItemId":89477692408},"priceInfo":{"finalDeliveryDescription":"무료배송","finalPrice":"52,000원","finalUnitPrice":"(10g당 264원)"},"stockInfo":{"logistics":false,"restockNotification":false,"soldOut":false}}],"titleName":"개당 중량 × 수량","viewType":"PRODUCT_DETAIL_OPTION_LIST"},{"deliveryInfo":{"nonMemberDelivery":{"arrivalMessage":[{"color":"#00891A","size":14,"text":"내일(일) 11/10"},{"color":"#00891A","size":14,"text":" 도착 보장"}],"deliveryBadge":{"height":16,"url":"https://image6.coupangcdn.com/image/coupang/rds/logo/hdpi/logo_rocket_medium.png","width":64},"shippingFeeTag":[{"bold":true,"color":"#212B36","size":14,"text":"무료배송"},{"color":"#222222","size":14,"text":" "},{"color":"#212B36","size":14,"text":"(로켓배송 상품 19,800원 이상 구매 시 구매 가능)"}]},"wowMemberDelivery":{"arrivalMessage":[{"color":"#00891A","size":14,"text":"내일(일) 11/10"},{"color":"#00891A","size":14,"text":" 도착 보장"}],"deliveryBadge":{"height":16,"url":"https://image6.coupangcdn.com/image/coupang/rds/logo/hdpi/logo_rocket_medium.png","width":64},"shippingFeeTag":[{"bold":true,"color":"#212B36","size":14,"text":"무료배송"},{"color":"#222222","size":14,"text":" "},{"color":"#212B36","size":14,"text":"(로켓배송 상품 19,800원 이상 구매 시 구매 가능)"}]}},"itemInfo":{"itemId":22335878956,"itemName":"해태제과 홈런볼 소금 우유","productId":8009070810,"thumbnailImage":{"height":60,"url":"https://image9.coupangcdn.com/image/retail/images/2024/04/10/15/1/1e559580-921f-4b51-b9e7-225479eaccf5.jpg","width":60},"vendorItemId":89463005056},"priceInfo":{"finalPrice":{"applicable":true,"displayPrice":"4,350원","price":4350},"finalPriceDiscountRate":2,"originalPrice":{"applicable":true,"displayPrice":"4,440원","price":4440}},"viewType":"PRODUCT_DETAIL_HANDLEBAR_BASE_INFO"},{"pddList":[{"arrivalMessage":"내일(일) 11/10 도착 보장","arrivalMessagePostfix":"(서울·경기 기준)","deliveryBadge":{"height":20,"url":"https://image6.coupangcdn.com/image/coupang/rds/logo/hdpi/logo_rocket_symbol_large.png","width":20},"deliveryBadgeLabel":"로켓배송","deliveryBadgeV2":{"height":16,"url":"https://image6.coupangcdn.com/image/coupang/rds/logo/hdpi/logo_rocket_medium.png","width":64},"deliveryType":"ROCKET"}],"viewType":"PRODUCT_DETAIL_DELIVERY_INFO"},{"viewType":"PRODUCT_DETAIL_SELLER_INFO"}],"freebieBenefit":null,"deliveryList":[{"type":"ROCKET_DELIVERY","title":null,"speedType":"STANDARD","rocketWowQuestionMark":false,"loyaltyButtonText":null,"logistics":true,"hideQuestionMark":false,"extremeDescriptions":null,"descriptions":"\u003Cem class=\u0027prod-txt-onyx prod-txt-green-2\u0027\u003E내일(일) 11/10\u003C/em\u003E\u003Cem class=\u0027prod-txt-onyx  prod-txt-green-normal\u0027\u003E 도착 보장\u003C/em\u003E\u003Cem class=\u0027prod-txt-onyx\u0027\u003E (\u003C/em\u003E\u003Cem class=\u0027prod-txt-onyx\u0027\u003E23시간 10분\u003C/em\u003E\u003Cem class=\u0027prod-txt-onyx\u0027\u003E  내 주문 시\u003C/em\u003E\u003Cem class=\u0027prod-txt-onyx\u0027\u003E / 서울⋅경기 기준\u003C/em\u003E\u003Cem class=\u0027prod-txt-onyx\u0027\u003E)\u003C/em\u003E","descriptionIcon":null,"descriptionBadge":null,"deliveryReminderMessage":null,"deliveryNotice":null,"deliveryExtraInfo":null,"delayMessage":"","countDownMillisecond":null,"countDownMessage":null,"companyLabel":null,"company":null,"badgeUrl":"https://image10.coupangcdn.com/image/badges/rocket/rocket_logo.png"},{"type":"ROCKET_DELIVERY","title":null,"speedType":"STANDARD","rocketWowQuestionMark":false,"loyaltyButtonText":"로켓와우로 무료배송","logistics":true,"hideQuestionMark":false,"extremeDescriptions":null,"descriptions":"\u003Cem class=\u0027prod-txt-onyx prod-txt-green-2\u0027\u003E내일(일) 11/10\u003C/em\u003E\u003Cem class=\u0027prod-txt-onyx  prod-txt-green-normal\u0027\u003E 도착 보장\u003C/em\u003E\u003Cem class=\u0027prod-txt-onyx\u0027\u003E (\u003C/em\u003E\u003Cem class=\u0027prod-txt-onyx\u0027\u003E23시간 10분\u003C/em\u003E\u003Cem class=\u0027prod-txt-onyx\u0027\u003E  내 주문 시\u003C/em\u003E\u003Cem class=\u0027prod-txt-onyx\u0027\u003E / 서울⋅경기 기준\u003C/em\u003E\u003Cem class=\u0027prod-txt-onyx\u0027\u003E)\u003C/em\u003E","descriptionIcon":null,"descriptionBadge":null,"deliveryReminderMessage":null,"deliveryNotice":null,"deliveryExtraInfo":null,"delayMessage":"","countDownMillisecond":null,"countDownMessage":null,"companyLabel":null,"company":null,"badgeUrl":"https://image10.coupangcdn.com/image/badges/rocket/rocket_logo.png"}],"delivery":{"type":"ROCKET_DELIVERY","title":null,"speedType":"STANDARD","rocketWowQuestionMark":false,"loyaltyButtonText":null,"logistics":true,"hideQuestionMark":false,"extremeDescriptions":null,"descriptions":"\u003Cem class=\u0027prod-txt-onyx prod-txt-green-2\u0027\u003E내일(일) 11/10\u003C/em\u003E\u003Cem class=\u0027prod-txt-onyx  prod-txt-green-normal\u0027\u003E 도착 보장\u003C/em\u003E\u003Cem class=\u0027prod-txt-onyx\u0027\u003E (\u003C/em\u003E\u003Cem class=\u0027prod-txt-onyx\u0027\u003E23시간 10분\u003C/em\u003E\u003Cem class=\u0027prod-txt-onyx\u0027\u003E  내 주문 시\u003C/em\u003E\u003Cem class=\u0027prod-txt-onyx\u0027\u003E / 서울⋅경기 기준\u003C/em\u003E\u003Cem class=\u0027prod-txt-onyx\u0027\u003E)\u003C/em\u003E","descriptionIcon":null,"descriptionBadge":null,"deliveryReminderMessage":null,"deliveryNotice":null,"deliveryExtraInfo":null,"delayMessage":"","countDownMillisecond":null,"countDownMessage":null,"companyLabel":null,"company":null,"badgeUrl":"https://image10.coupangcdn.com/image/badges/rocket/rocket_logo.png"},"cashBackSummary":{"targetedPromotionBanner":null,"rewardCashAmount":null,"popupType":"WITHEXTRA","luxuryItem":false,"i18nRewardCashAmount":null,"i18nFinalCashBackAmtIncludeRewardCashAmount":{"rawAmount":218,"fractionDigits":0,"currency":"KRW","amount":"218"},"i18nFinalCashBackAmt":{"rawAmount":218,"fractionDigits":0,"currency":"KRW","amount":"218"},"i18nCouPayMoneyAmt":{"rawAmount":174,"fractionDigits":0,"currency":"KRW","amount":"174"},"i18nCouPayBankAmt":{"rawAmount":87,"fractionDigits":0,"currency":"KRW","amount":"87"},"i18nClubMemberCashAmt":null,"i18nBasicRocketPayCashAmt":{"rawAmount":44,"fractionDigits":0,"currency":"KRW","amount":"44"},"finalCashBackAmtIncludeRewardCashAmount":218,"finalCashBackAmt":218,"extraCashBackList":[{"validity":"이벤트 기간 30일, 최대 2만원","type":"COU_BANK","rate":"2","leftDays":2302,"i18nAmount":{"rawAmount":87,"fractionDigits":0,"currency":"KRW","amount":"87"},"expired":false,"benefit":"[로켓와우 + 쿠페이 계좌이체] 결제 시 2% 적립","amount":87},{"validity":"이벤트 기간 30일, 최대 4만원","type":"COU_MONEY","rate":"4","leftDays":2302,"i18nAmount":{"rawAmount":174,"fractionDigits":0,"currency":"KRW","amount":"174"},"expired":false,"benefit":"[로켓와우 + 쿠페이 머니] 결제 시 4% 추가적립","amount":174}],"couPayMoneyRate":"4","couPayMoneyLeftDays":2302,"couPayMoneyExpires":false,"couPayMoneyAmt":174,"couPayBankRate":"2","couPayBankLeftDays":2302,"couPayBankExpires":false,"couPayBankAmt":87,"clubMemberRewardLeftDays":null,"clubMemberRewardExpiryTime":null,"clubMemberRewardExpires":null,"clubMemberRate":null,"clubMemberCashAmt":null,"cashWidgetIconUrl":"https://image6.coupangcdn.com/image/badges/sdp/cashback/web/cash-icon@2x.png","cashIconUrl":"https://image6.coupangcdn.com/image/badges/cashback/web/list-cash-icon@2x.png","cashBackTitle":"캐시적립 혜택","basicRocketPayRate":"1","basicRocketPayCashAmt":44,"basicCashBackList":[{"validity":"월 최대 1만원","type":"BASIC","rate":"1","leftDays":null,"i18nAmount":{"rawAmount":44,"fractionDigits":0,"currency":"KRW","amount":"44"},"expired":false,"benefit":"쿠페이 머니 결제 시 1% 적립","amount":44}]},"bundleOption":{"viewType":null,"options":[],"optionDetails":null},"benefitDisplayType":null,"appliedCoupon":null,"abFlags":{"applyExtremeProminenceFreeDeliveryMessages":"A","jikgu1PWarrantyAB":"NOT_APPLICABLE","ab54632":"B"}}],"purchaseOnly":false,"productId":8009070810,"preOrderVo":null,"otherSellerCount":9,"options":{"optionRows":[{"typeId":"7637,7652","style":null,"sizeAttribute":false,"selectedAttribute":{"valueId":"3162826023,1626146084","selected":true,"name":"41g × 4개","image":null,"bundleOptionMsg":null},"name":"개당 중량 × 수량","leaf":true,"displayType":"TEXT","displayComponentType":"DROPDOWN","deliveryAttribute":false,"colorAttribute":false,"attributes":[{"valueId":"3162826023,1626146084","selected":true,"name":"41g × 4개","image":null,"bundleOptionMsg":null},{"valueId":"3162826023,1626146208","selected":false,"name":"41g × 8개","image":null,"bundleOptionMsg":null},{"valueId":"3162826023,3164565215","selected":false,"name":"41g × 12개","image":null,"bundleOptionMsg":null},{"valueId":"3162826023,3164565339","selected":false,"name":"41g × 16개","image":null,"bundleOptionMsg":null},{"valueId":"3162826023,3164566114","selected":false,"name":"41g × 20개","image":null,"bundleOptionMsg":null},{"valueId":"3162826023,3164566238","selected":false,"name":"41g × 24개","image":null,"bundleOptionMsg":null},{"valueId":"3162826271,1626146022","selected":false,"name":"49g × 2개","image":null,"bundleOptionMsg":null},{"valueId":"3162826271,1626146115","selected":false,"name":"49g × 5개","image":null,"bundleOptionMsg":null},{"valueId":"3162826271,1626146208","selected":false,"name":"49g × 8개","image":null,"bundleOptionMsg":null},{"valueId":"3162826271,3164565153","selected":false,"name":"49g × 10개","image":null,"bundleOptionMsg":null},{"valueId":"3162826271,3164565308","selected":false,"name":"49g × 15개","image":null,"bundleOptionMsg":null},{"valueId":"3162826271,3164566114","selected":false,"name":"49g × 20개","image":null,"bundleOptionMsg":null},{"valueId":"3162826271,3164567075","selected":false,"name":"49g × 30개","image":null,"bundleOptionMsg":null},{"valueId":"3558240155,1626145991","selected":false,"name":"164g × 1개","image":null,"bundleOptionMsg":null},{"valueId":"3558240155,1626146022","selected":false,"name":"164g × 2개","image":null,"bundleOptionMsg":null},{"valueId":"3558240155,1626146053","selected":false,"name":"164g × 3개","image":null,"bundleOptionMsg":null},{"valueId":"3558240155,1626146084","selected":false,"name":"164g × 4개","image":null,"bundleOptionMsg":null},{"valueId":"3558240155,1626146115","selected":false,"name":"164g × 5개","image":null,"bundleOptionMsg":null},{"valueId":"3558240155,1626146146","selected":false,"name":"164g × 6개","image":null,"bundleOptionMsg":null},{"valueId":"3558240155,1626146208","selected":false,"name":"164g × 8개","image":null,"bundleOptionMsg":null},{"valueId":"3558240155,3164565153","selected":false,"name":"164g × 10개","image":null,"bundleOptionMsg":null},{"valueId":"3558240155,3164565215","selected":false,"name":"164g × 12개","image":null,"bundleOptionMsg":null}]}],"laptopInstantOptionPickerTarget":false,"instantOptionShow":false,"ceInstantOptionPickerTarget":false,"attributeVendorItemMap":{"3162826023,1626146208":{"wishList":false,"warrantyServiceVo":null,"vendorItemId":89463066056,"vendor":null,"used":false,"topSellingInfo":null,"supplier":null,"subscribeInfo":null,"stickBanners":null,"soldOut":false,"shippingConsolidationLink":null,"sellingInfoVo":null,"ruleBasedTitle":null,"roleCode":null,"rocketLuxuryDisclaimer":null,"retail":true,"restockNotification":false,"quantityBase":[{"wowOnlyInstantDiscountRate":0,"subscriptionPriceList":[],"subscriptionPrice":null,"subscriptionDiscountRate":-1,"subscriptionDelivery":null,"shippingFeeList":[{"titleIcon":null,"title":null,"shippingFeeType":"ROCKET","shippingFeeIcon":null,"shippingFee":null,"returnFeeMessage":null,"popupFreeShippingConditionMessage":null,"message":"\u003Cem class=\u0027prod-txt-bold\u0027\u003E로켓배송 상품 19,800원 이상 무료배송\u003C/em\u003E","freeShippingConditionMessage":null,"extremeMessage":null,"dividerIcon":null},{"titleIcon":null,"title":null,"shippingFeeType":"FREE","shippingFeeIcon":null,"shippingFee":null,"returnFeeMessage":null,"popupFreeShippingConditionMessage":null,"message":"\u003Cem class=\u0027prod-txt-bold\u0027\u003E무료배송 + 무료반품\u003C/em\u003E\u003Cem class=\u0027separator\u0027\u003E|\u003C/em\u003E\u003Cem class=\u0027icon-tx\u0027\u003E로켓와우 신청시\u003C/em\u003E\u003Cem\u003E\u003Ci class=\u0027rocket-falcon-icon question-mark-rocket-plus\u0027\u003E\u003C/i\u003E\u003C/em\u003E","freeShippingConditionMessage":null,"extremeMessage":null,"dividerIcon":null}],"shippingFee":{"titleIcon":null,"title":null,"shippingFeeType":"ROCKET","shippingFeeIcon":null,"shippingFee":"2,500","returnFeeMessage":null,"popupFreeShippingConditionMessage":null,"message":"\u003Cem class=\u0027prod-txt-bold\u0027\u003E무료배송\u003C/em\u003E\u003Cem class=\u0027prod-txt-black\u0027\u003E (로켓배송 상품 19,800원 이상 구매 시)\u003C/em\u003E","freeShippingConditionMessage":null,"extremeMessage":null,"dividerIcon":null},"shipmentDisplayType":"SHIPPING_FEE_NUDGE","selectedIndex":0,"quantityLimitationVO":null,"quantity":1,"priceUnit":"원","priceList":[{"wowCouponDiscount":false,"unitPrice":"10g당 265원","unitDiscountRate":null,"type":"SALES","title":"쿠팡판매가","saleUnitPrice":null,"salePriceTitle":null,"salePrice":null,"priceAmount":"8,700","originalPriceDesc":null,"originPrice":null,"loyaltyRegistrationUrl":null,"loyaltyButtonText":null,"instantPriceType":null,"instantDiscount":null,"i18nSalePrice":null,"i18nPriceAmount":{"rawAmount":null,"fractionDigits":0,"currency":"KRW","amount":"8700"},"i18nOriginPrice":null,"i18nCouponPrice":null,"i18nCouponDiscountAmount":null,"hasWowInstantDiscount":false,"hasWowCouponDiscount":false,"hasNormalInstantDiscount":false,"hasNormalCouponDiscount":false,"gppuPricePolicy":null,"finalPrice":null,"discountRate":null,"description":null,"couponUnitPrice":null,"couponPriceTitle":null,"couponPrice":null,"couponDiscountAmount":null,"cashPromotionMessage":null}],"price":{"wowCouponDiscount":false,"unitPrice":null,"unitDiscountRate":null,"type":null,"title":null,"saleUnitPrice":"10g당 265원","salePriceTitle":"","salePrice":"8,700","priceAmount":null,"originalPriceDesc":null,"originPrice":"8,880","loyaltyRegistrationUrl":null,"loyaltyButtonText":null,"instantPriceType":null,"instantDiscount":false,"i18nSalePrice":{"rawAmount":null,"fractionDigits":0,"currency":"KRW","amount":"8700"},"i18nPriceAmount":null,"i18nOriginPrice":{"rawAmount":null,"fractionDigits":0,"currency":"KRW","amount":"8880"},"i18nCouponPrice":{"rawAmount":null,"fractionDigits":0,"currency":"KRW","amount":"8700"},"i18nCouponDiscountAmount":null,"hasWowInstantDiscount":false,"hasWowCouponDiscount":false,"hasNormalInstantDiscount":false,"hasNormalCouponDiscount":false,"gppuPricePolicy":[{"priceInfo":"\u003Cspan class=\u0027discount-rate\u0027\u003E2%\u003C/span\u003E\u003Cspan class=\u0027origin-price\u0027\u003E8,880원\u003C/span\u003E","description":"업체의 권장소비자가 또는 공식 판매처 판매가 또는 도서 정가(도서 정가제 대상인 경우)입니다. 해당 가격이 없는 경우 90일 내 쿠팡에서 판매된 가격 중 가장 높은 가격을 표시합니다."}],"finalPrice":"8,700","discountRate":"2","description":null,"couponUnitPrice":"10g당 265원","couponPriceTitle":"","couponPrice":"8,700","couponDiscountAmount":null,"cashPromotionMessage":null},"moduleData":null,"freebieBenefit":null,"deliveryList":[{"type":"ROCKET_DELIVERY","title":null,"speedType":null,"rocketWowQuestionMark":false,"loyaltyButtonText":null,"logistics":true,"hideQuestionMark":false,"extremeDescriptions":null,"descriptions":"\u003Cem class=\u0027prod-txt-onyx prod-txt-green-normal\u0027\u003E내일(일) 11/10\u003C/em\u003E\u003Cem class=\u0027prod-txt-onyx prod-txt-green-normal\u0027\u003E 도착 보장\u003C/em\u003E","descriptionIcon":null,"descriptionBadge":null,"deliveryReminderMessage":null,"deliveryNotice":null,"deliveryExtraInfo":null,"delayMessage":null,"countDownMillisecond":null,"countDownMessage":null,"companyLabel":null,"company":null,"badgeUrl":"https://image6.coupangcdn.com/image/cmg/icon/ios/logo_rocket_large@3x.png"},{"type":"ROCKET_DELIVERY","title":null,"speedType":null,"rocketWowQuestionMark":false,"loyaltyButtonText":null,"logistics":true,"hideQuestionMark":false,"extremeDescriptions":null,"descriptions":"\u003Cem class=\u0027prod-txt-onyx prod-txt-green-normal\u0027\u003E내일(일) 11/10\u003C/em\u003E\u003Cem class=\u0027prod-txt-onyx prod-txt-green-normal\u0027\u003E 도착 보장\u003C/em\u003E","descriptionIcon":null,"descriptionBadge":null,"deliveryReminderMessage":null,"deliveryNotice":null,"deliveryExtraInfo":null,"delayMessage":null,"countDownMillisecond":null,"countDownMessage":null,"companyLabel":null,"company":null,"badgeUrl":"https://image6.coupangcdn.com/image/cmg/icon/ios/logo_rocket_large@3x.png"}],"delivery":{"type":"ROCKET_DELIVERY","title":null,"speedType":null,"rocketWowQuestionMark":false,"loyaltyButtonText":null,"logistics":true,"hideQuestionMark":false,"extremeDescriptions":null,"descriptions":"\u003Cem class=\u0027prod-txt-onyx prod-txt-green-normal\u0027\u003E내일(일) 11/10\u003C/em\u003E\u003Cem class=\u0027prod-txt-onyx prod-txt-green-normal\u0027\u003E 도착 보장\u003C/em\u003E","descriptionIcon":null,"descriptionBadge":null,"deliveryReminderMessage":null,"deliveryNotice":null,"deliveryExtraInfo":null,"delayMessage":null,"countDownMillisecond":null,"countDownMessage":null,"companyLabel":null,"company":null,"badgeUrl":"https://image6.coupangcdn.com/image/cmg/icon/ios/logo_rocket_large@3x.png"},"cashBackSummary":null,"bundleOption":null,"benefitDisplayType":null,"appliedCoupon":null,"abFlags":{"applyExtremeProminenceFreeDeliveryMessages":"A","jikgu1PWarrantyAB":"NOT_APPLICABLE"}}],"preOrderVo":null,"otherSellerCount":null,"offerDescription":null,"offerBanner":null,"memberInfo":null,"luxuryDiscountBenefit":null,"linkedVendorItemInfo":null,"limitNoticeVo":null,"itemName":"해태제과 홈런볼 소금 우유, 41g, 8개","itemId":23917996268,"inventory":null,"invalid":false,"images":[{"thumbnailImage":"//thumbnail7.coupangcdn.com/thumbnails/remote/48x48ex/image/retail/images/4056a17d-e025-4fe0-bd52-aaf4893e36ab5984788127154369508.png","preloadImage":"//thumbnail7.coupangcdn.com/thumbnails/remote/230x230ex/image/retail/images/4056a17d-e025-4fe0-bd52-aaf4893e36ab5984788127154369508.png","origin":"//image7.coupangcdn.com/image/retail/images/4056a17d-e025-4fe0-bd52-aaf4893e36ab5984788127154369508.png","detailImage":"//thumbnail7.coupangcdn.com/thumbnails/remote/1500x1500ex/image/retail/images/4056a17d-e025-4fe0-bd52-aaf4893e36ab5984788127154369508.png"},{"thumbnailImage":"//thumbnail7.coupangcdn.com/thumbnails/remote/48x48ex/image/retail/images/2024/04/10/15/6/fcb0b460-bd44-4d29-aa72-aa57cd47f66e.png","preloadImage":"//thumbnail7.coupangcdn.com/thumbnails/remote/230x230ex/image/retail/images/2024/04/10/15/6/fcb0b460-bd44-4d29-aa72-aa57cd47f66e.png","origin":"//image7.coupangcdn.com/image/retail/images/2024/04/10/15/6/fcb0b460-bd44-4d29-aa72-aa57cd47f66e.png","detailImage":"//thumbnail7.coupangcdn.com/thumbnails/remote/1500x1500ex/image/retail/images/2024/04/10/15/6/fcb0b460-bd44-4d29-aa72-aa57cd47f66e.png"},{"thumbnailImage":"//thumbnail7.coupangcdn.com/thumbnails/remote/48x48ex/image/retail/images/2024/04/10/15/2/d497cfde-b0ff-417a-8aa3-697238158fa4.png","preloadImage":"//thumbnail7.coupangcdn.com/thumbnails/remote/230x230ex/image/retail/images/2024/04/10/15/2/d497cfde-b0ff-417a-8aa3-697238158fa4.png","origin":"//image7.coupangcdn.com/image/retail/images/2024/04/10/15/2/d497cfde-b0ff-417a-8aa3-697238158fa4.png","detailImage":"//thumbnail7.coupangcdn.com/thumbnails/remote/1500x1500ex/image/retail/images/2024/04/10/15/2/d497cfde-b0ff-417a-8aa3-697238158fa4.png"},{"thumbnailImage":"//thumbnail9.coupangcdn.com/thumbnails/remote/48x48ex/image/retail/images/2024/04/10/15/3/4c628f66-e6d2-4639-b0d0-e57d5047efd5.png","preloadImage":"//thumbnail9.coupangcdn.com/thumbnails/remote/230x230ex/image/retail/images/2024/04/10/15/3/4c628f66-e6d2-4639-b0d0-e57d5047efd5.png","origin":"//image9.coupangcdn.com/image/retail/images/2024/04/10/15/3/4c628f66-e6d2-4639-b0d0-e57d5047efd5.png","detailImage":"//thumbnail9.coupangcdn.com/thumbnails/remote/1500x1500ex/image/retail/images/2024/04/10/15/3/4c628f66-e6d2-4639-b0d0-e57d5047efd5.png"},{"thumbnailImage":"//thumbnail8.coupangcdn.com/thumbnails/remote/48x48ex/image/retail/images/2024/04/10/15/5/125934e4-004b-43f2-ae73-0829e277ee19.png","preloadImage":"//thumbnail8.coupangcdn.com/thumbnails/remote/230x230ex/image/retail/images/2024/04/10/15/5/125934e4-004b-43f2-ae73-0829e277ee19.png","origin":"//image8.coupangcdn.com/image/retail/images/2024/04/10/15/5/125934e4-004b-43f2-ae73-0829e277ee19.png","detailImage":"//thumbnail8.coupangcdn.com/thumbnails/remote/1500x1500ex/image/retail/images/2024/04/10/15/5/125934e4-004b-43f2-ae73-0829e277ee19.png"}],"goldFish":false,"giftcard":false,"freshEligible":false,"easePayment":null,"discountBenefitDescriptionList":null,"discountBenefitDescription":null,"deliveryAttribute":false,"dawnOnly":false,"couponList":null,"ccidInfo":null,"ccidEligible":false,"cashBackSummary":null,"buyableQuantity":10,"bundleOption":null,"blockInfo":null,"bizBadge":null,"badgeMap":{},"authors":null,"attributeTitle":null,"apiUrlMap":{"addToCartUrl":"coupang://addCart?itemId=23917996268\u0026productId=8009070810\u0026vendorItemId=89463066056\u0026sourceType=offerDetail\u0026price=8700\u0026sdpVisitKey=\u0026isLoser=false\u0026offerStatus=NEW","shippingConsolidationUrl":null},"almostSoldOut":false},"3162826271,3164565153":{"wishList":false,"warrantyServiceVo":null,"vendorItemId":91050813319,"vendor":null,"used":false,"topSellingInfo":null,"supplier":null,"subscribeInfo":null,"stickBanners":null,"soldOut":false,"shippingConsolidationLink":null,"sellingInfoVo":null,"ruleBasedTitle":null,"roleCode":null,"rocketLuxuryDisclaimer":null,"retail":false,"restockNotification":false,"quantityBase":[{"wowOnlyInstantDiscountRate":0,"subscriptionPriceList":[],"subscriptionPrice":null,"subscriptionDiscountRate":-1,"subscriptionDelivery":null,"shippingFeeList":[{"titleIcon":null,"title":null,"shippingFeeType":"FREE","shippingFeeIcon":null,"shippingFee":null,"returnFeeMessage":null,"popupFreeShippingConditionMessage":null,"message":"\u003Cem class=\u0027prod-txt-bold\u0027\u003E무료배송\u003C/em\u003E","freeShippingConditionMessage":null,"extremeMessage":null,"dividerIcon":null}],"shippingFee":{"titleIcon":null,"title":null,"shippingFeeType":"FREE","shippingFeeIcon":null,"shippingFee":"0","returnFeeMessage":null,"popupFreeShippingConditionMessage":null,"message":"\u003Cem class=\u0027prod-txt-bold\u0027\u003E무료배송\u003C/em\u003E","freeShippingConditionMessage":null,"extremeMessage":null,"dividerIcon":null},"shipmentDisplayType":"NORMAL","selectedIndex":0,"quantityLimitationVO":null,"quantity":1,"priceUnit":"원","priceList":[{"wowCouponDiscount":false,"unitPrice":"10g당 331원","unitDiscountRate":null,"type":"SALES","title":"쿠팡판매가","saleUnitPrice":null,"salePriceTitle":null,"salePrice":null,"priceAmount":"16,220","originalPriceDesc":null,"originPrice":null,"loyaltyRegistrationUrl":null,"loyaltyButtonText":null,"instantPriceType":null,"instantDiscount":null,"i18nSalePrice":null,"i18nPriceAmount":{"rawAmount":null,"fractionDigits":0,"currency":"KRW","amount":"16220"},"i18nOriginPrice":null,"i18nCouponPrice":null,"i18nCouponDiscountAmount":null,"hasWowInstantDiscount":false,"hasWowCouponDiscount":false,"hasNormalInstantDiscount":false,"hasNormalCouponDiscount":false,"gppuPricePolicy":null,"finalPrice":null,"discountRate":null,"description":null,"couponUnitPrice":null,"couponPriceTitle":null,"couponPrice":null,"couponDiscountAmount":null,"cashPromotionMessage":null}],"price":{"wowCouponDiscount":false,"unitPrice":null,"unitDiscountRate":null,"type":null,"title":null,"saleUnitPrice":"10g당 331원","salePriceTitle":"","salePrice":"16,220","priceAmount":null,"originalPriceDesc":null,"originPrice":"16,450","loyaltyRegistrationUrl":null,"loyaltyButtonText":null,"instantPriceType":null,"instantDiscount":false,"i18nSalePrice":{"rawAmount":null,"fractionDigits":0,"currency":"KRW","amount":"16220"},"i18nPriceAmount":null,"i18nOriginPrice":{"rawAmount":null,"fractionDigits":0,"currency":"KRW","amount":"16450"},"i18nCouponPrice":{"rawAmount":null,"fractionDigits":0,"currency":"KRW","amount":"16220"},"i18nCouponDiscountAmount":null,"hasWowInstantDiscount":false,"hasWowCouponDiscount":false,"hasNormalInstantDiscount":false,"hasNormalCouponDiscount":false,"gppuPricePolicy":[{"priceInfo":"\u003Cspan class=\u0027discount-rate\u0027\u003E1%\u003C/span\u003E\u003Cspan class=\u0027origin-price\u0027\u003E16,450원\u003C/span\u003E","description":"업체의 권장소비자가 또는 공식 판매처 판매가 또는 도서 정가(도서 정가제 대상인 경우)입니다. 해당 가격이 없는 경우 90일 내 쿠팡에서 판매된 가격 중 가장 높은 가격을 표시합니다."}],"finalPrice":"16,220","discountRate":"1","description":null,"couponUnitPrice":"10g당 331원","couponPriceTitle":"","couponPrice":"16,220","couponDiscountAmount":null,"cashPromotionMessage":null},"moduleData":null,"freebieBenefit":null,"deliveryList":[{"type":"VENDOR_DELIVERY","title":null,"speedType":null,"rocketWowQuestionMark":false,"loyaltyButtonText":null,"logistics":false,"hideQuestionMark":false,"extremeDescriptions":null,"descriptions":"\u003Cem class=\u0027prod-txt-onyx prod-txt-font-14\u0027\u003E화요일 11/12\u003C/em\u003E\u003Cem class=\u0027prod-txt-onyx\u0027\u003E 도착 예정 (판매자배송)\u003C/em\u003E","descriptionIcon":null,"descriptionBadge":null,"deliveryReminderMessage":null,"deliveryNotice":null,"deliveryExtraInfo":null,"delayMessage":null,"countDownMillisecond":null,"countDownMessage":null,"companyLabel":null,"company":null,"badgeUrl":null}],"delivery":{"type":"VENDOR_DELIVERY","title":null,"speedType":null,"rocketWowQuestionMark":false,"loyaltyButtonText":null,"logistics":false,"hideQuestionMark":false,"extremeDescriptions":null,"descriptions":"\u003Cem class=\u0027prod-txt-onyx prod-txt-font-14\u0027\u003E화요일 11/12\u003C/em\u003E\u003Cem class=\u0027prod-txt-onyx\u0027\u003E 도착 예정 (판매자배송)\u003C/em\u003E","descriptionIcon":null,"descriptionBadge":null,"deliveryReminderMessage":null,"deliveryNotice":null,"deliveryExtraInfo":null,"delayMessage":null,"countDownMillisecond":null,"countDownMessage":null,"companyLabel":null,"company":null,"badgeUrl":null},"cashBackSummary":null,"bundleOption":null,"benefitDisplayType":null,"appliedCoupon":null,"abFlags":{"applyExtremeProminenceFreeDeliveryMessages":"A","jikgu1PWarrantyAB":"NOT_APPLICABLE"}}],"preOrderVo":null,"otherSellerCount":null,"offerDescription":null,"offerBanner":null,"memberInfo":null,"luxuryDiscountBenefit":null,"linkedVendorItemInfo":null,"limitNoticeVo":null,"itemName":"해태 홈런볼 소금우유 단짠고소, 49g, 10개","itemId":22995752052,"inventory":null,"invalid":false,"images":[{"thumbnailImage":"//thumbnail7.coupangcdn.com/thumbnails/remote/48x48ex/image/vendor_inventory/2512/e89150b8792b5e8d6162d46e03a2dbae48e93b92b01241d48b401b4bc6a2.png","preloadImage":"//thumbnail7.coupangcdn.com/thumbnails/remote/230x230ex/image/vendor_inventory/2512/e89150b8792b5e8d6162d46e03a2dbae48e93b92b01241d48b401b4bc6a2.png","origin":"//image7.coupangcdn.com/image/vendor_inventory/2512/e89150b8792b5e8d6162d46e03a2dbae48e93b92b01241d48b401b4bc6a2.png","detailImage":"//thumbnail7.coupangcdn.com/thumbnails/remote/1500x1500ex/image/vendor_inventory/2512/e89150b8792b5e8d6162d46e03a2dbae48e93b92b01241d48b401b4bc6a2.png"},{"thumbnailImage":"//thumbnail7.coupangcdn.com/thumbnails/remote/48x48ex/image/vendor_inventory/2512/e89150b8792b5e8d6162d46e03a2dbae48e93b92b01241d48b401b4bc6a2.png","preloadImage":"//thumbnail7.coupangcdn.com/thumbnails/remote/230x230ex/image/vendor_inventory/2512/e89150b8792b5e8d6162d46e03a2dbae48e93b92b01241d48b401b4bc6a2.png","origin":"//image7.coupangcdn.com/image/vendor_inventory/2512/e89150b8792b5e8d6162d46e03a2dbae48e93b92b01241d48b401b4bc6a2.png","detailImage":"//thumbnail7.coupangcdn.com/thumbnails/remote/1500x1500ex/image/vendor_inventory/2512/e89150b8792b5e8d6162d46e03a2dbae48e93b92b01241d48b401b4bc6a2.png"}],"goldFish":false,"giftcard":false,"freshEligible":false,"easePayment":null,"discountBenefitDescriptionList":null,"discountBenefitDescription":null,"deliveryAttribute":false,"dawnOnly":false,"couponList":null,"ccidInfo":null,"ccidEligible":false,"cashBackSummary":null,"buyableQuantity":50,"bundleOption":null,"blockInfo":null,"bizBadge":null,"badgeMap":{},"authors":null,"attributeTitle":null,"apiUrlMap":{"addToCartUrl":"coupang://addCart?itemId=22995752052\u0026productId=8009070810\u0026vendorItemId=91050813319\u0026sourceType=offerDetail\u0026price=16220\u0026sdpVisitKey=\u0026isLoser=false\u0026offerStatus=NEW","shippingConsolidationUrl":null},"almostSoldOut":false},"3162826271,3164566114":{"wishList":false,"warrantyServiceVo":null,"vendorItemId":89551713170,"vendor":null,"used":false,"topSellingInfo":null,"supplier":null,"subscribeInfo":null,"stickBanners":null,"soldOut":false,"shippingConsolidationLink":null,"sellingInfoVo":null,"ruleBasedTitle":null,"roleCode":null,"rocketLuxuryDisclaimer":null,"retail":false,"restockNotification":false,"quantityBase":[{"wowOnlyInstantDiscountRate":0,"subscriptionPriceList":[],"subscriptionPrice":null,"subscriptionDiscountRate":-1,"subscriptionDelivery":null,"shippingFeeList":[{"titleIcon":null,"title":null,"shippingFeeType":"FREE","shippingFeeIcon":null,"shippingFee":null,"returnFeeMessage":null,"popupFreeShippingConditionMessage":null,"message":"\u003Cem class=\u0027prod-txt-bold\u0027\u003E무료배송\u003C/em\u003E","freeShippingConditionMessage":null,"extremeMessage":null,"dividerIcon":null}],"shippingFee":{"titleIcon":null,"title":null,"shippingFeeType":"FREE","shippingFeeIcon":null,"shippingFee":"0","returnFeeMessage":null,"popupFreeShippingConditionMessage":null,"message":"\u003Cem class=\u0027prod-txt-bold\u0027\u003E무료배송\u003C/em\u003E","freeShippingConditionMessage":null,"extremeMessage":null,"dividerIcon":null},"shipmentDisplayType":"NORMAL","selectedIndex":0,"quantityLimitationVO":null,"quantity":1,"priceUnit":"원","priceList":[{"wowCouponDiscount":false,"unitPrice":"10g당 319원","unitDiscountRate":null,"type":"SALES","title":"쿠팡판매가","saleUnitPrice":null,"salePriceTitle":null,"salePrice":null,"priceAmount":"31,250","originalPriceDesc":null,"originPrice":null,"loyaltyRegistrationUrl":null,"loyaltyButtonText":null,"instantPriceType":null,"instantDiscount":null,"i18nSalePrice":null,"i18nPriceAmount":{"rawAmount":null,"fractionDigits":0,"currency":"KRW","amount":"31250"},"i18nOriginPrice":null,"i18nCouponPrice":null,"i18nCouponDiscountAmount":null,"hasWowInstantDiscount":false,"hasWowCouponDiscount":false,"hasNormalInstantDiscount":false,"hasNormalCouponDiscount":false,"gppuPricePolicy":null,"finalPrice":null,"discountRate":null,"description":null,"couponUnitPrice":null,"couponPriceTitle":null,"couponPrice":null,"couponDiscountAmount":null,"cashPromotionMessage":null}],"price":{"wowCouponDiscount":false,"unitPrice":null,"unitDiscountRate":null,"type":null,"title":null,"saleUnitPrice":"10g당 319원","salePriceTitle":"","salePrice":"31,250","priceAmount":null,"originalPriceDesc":"","originPrice":null,"loyaltyRegistrationUrl":null,"loyaltyButtonText":null,"instantPriceType":null,"instantDiscount":false,"i18nSalePrice":{"rawAmount":null,"fractionDigits":0,"currency":"KRW","amount":"31250"},"i18nPriceAmount":null,"i18nOriginPrice":null,"i18nCouponPrice":{"rawAmount":null,"fractionDigits":0,"currency":"KRW","amount":"31250"},"i18nCouponDiscountAmount":null,"hasWowInstantDiscount":false,"hasWowCouponDiscount":false,"hasNormalInstantDiscount":false,"hasNormalCouponDiscount":false,"gppuPricePolicy":null,"finalPrice":"31,250","discountRate":null,"description":null,"couponUnitPrice":"10g당 319원","couponPriceTitle":"","couponPrice":"31,250","couponDiscountAmount":null,"cashPromotionMessage":null},"moduleData":null,"freebieBenefit":null,"deliveryList":[{"type":"VENDOR_DELIVERY","title":null,"speedType":null,"rocketWowQuestionMark":false,"loyaltyButtonText":null,"logistics":false,"hideQuestionMark":false,"extremeDescriptions":null,"descriptions":"\u003Cem class=\u0027prod-txt-onyx prod-txt-font-14\u0027\u003E화요일 11/12\u003C/em\u003E\u003Cem class=\u0027prod-txt-onyx\u0027\u003E 도착 예정 (판매자배송)\u003C/em\u003E","descriptionIcon":null,"descriptionBadge":null,"deliveryReminderMessage":null,"deliveryNotice":null,"deliveryExtraInfo":null,"delayMessage":null,"countDownMillisecond":null,"countDownMessage":null,"companyLabel":null,"company":null,"badgeUrl":null}],"delivery":{"type":"VENDOR_DELIVERY","title":null,"speedType":null,"rocketWowQuestionMark":false,"loyaltyButtonText":null,"logistics":false,"hideQuestionMark":false,"extremeDescriptions":null,"descriptions":"\u003Cem class=\u0027prod-txt-onyx prod-txt-font-14\u0027\u003E화요일 11/12\u003C/em\u003E\u003Cem class=\u0027prod-txt-onyx\u0027\u003E 도착 예정 (판매자배송)\u003C/em\u003E","descriptionIcon":null,"descriptionBadge":null,"deliveryReminderMessage":null,"deliveryNotice":null,"deliveryExtraInfo":null,"delayMessage":null,"countDownMillisecond":null,"countDownMessage":null,"companyLabel":null,"company":null,"badgeUrl":null},"cashBackSummary":null,"bundleOption":null,"benefitDisplayType":null,"appliedCoupon":null,"abFlags":{"applyExtremeProminenceFreeDeliveryMessages":"A","jikgu1PWarrantyAB":"NOT_APPLICABLE"}}],"preOrderVo":null,"otherSellerCount":null,"offerDescription":null,"offerBanner":null,"memberInfo":null,"luxuryDiscountBenefit":null,"linkedVendorItemInfo":null,"limitNoticeVo":null,"itemName":"해태 홈런볼 소금우유 단짠고소, 49g, 20개","itemId":22995513304,"inventory":null,"invalid":false,"images":[{"thumbnailImage":"//thumbnail6.coupangcdn.com/thumbnails/remote/48x48ex/image/vendor_inventory/a473/9cd14b843ae142987724a2f1921577d126e2fab238df13300687d67ec2c6.png","preloadImage":"//thumbnail6.coupangcdn.com/thumbnails/remote/230x230ex/image/vendor_inventory/a473/9cd14b843ae142987724a2f1921577d126e2fab238df13300687d67ec2c6.png","origin":"//image6.coupangcdn.com/image/vendor_inventory/a473/9cd14b843ae142987724a2f1921577d126e2fab238df13300687d67ec2c6.png","detailImage":"//thumbnail6.coupangcdn.com/thumbnails/remote/1500x1500ex/image/vendor_inventory/a473/9cd14b843ae142987724a2f1921577d126e2fab238df13300687d67ec2c6.png"}],"goldFish":false,"giftcard":false,"freshEligible":false,"easePayment":null,"discountBenefitDescriptionList":null,"discountBenefitDescription":null,"deliveryAttribute":false,"dawnOnly":false,"couponList":null,"ccidInfo":null,"ccidEligible":false,"cashBackSummary":null,"buyableQuantity":50,"bundleOption":null,"blockInfo":null,"bizBadge":null,"badgeMap":{},"authors":null,"attributeTitle":null,"apiUrlMap":{"addToCartUrl":"coupang://addCart?itemId=22995513304\u0026productId=8009070810\u0026vendorItemId=89551713170\u0026sourceType=offerDetail\u0026price=31250\u0026sdpVisitKey=\u0026isLoser=false\u0026offerStatus=NEW","shippingConsolidationUrl":"/vp/products/8009070810/vendor-items/89551713170/shipping-consolidation-widget-v2?vendorId=A00938735\u0026shippingPlaceId=17339860"},"almostSoldOut":false},"3558240155,1626146084":{"wishList":false,"warrantyServiceVo":null,"vendorItemId":89477692473,"vendor":null,"used":false,"topSellingInfo":null,"supplier":null,"subscribeInfo":null,"stickBanners":null,"soldOut":false,"shippingConsolidationLink":null,"sellingInfoVo":null,"ruleBasedTitle":null,"roleCode":null,"rocketLuxuryDisclaimer":null,"retail":false,"restockNotification":false,"quantityBase":[{"wowOnlyInstantDiscountRate":0,"subscriptionPriceList":[],"subscriptionPrice":null,"subscriptionDiscountRate":-1,"subscriptionDelivery":null,"shippingFeeList":[{"titleIcon":null,"title":null,"shippingFeeType":"FREE","shippingFeeIcon":null,"shippingFee":null,"returnFeeMessage":null,"popupFreeShippingConditionMessage":null,"message":"\u003Cem class=\u0027prod-txt-bold\u0027\u003E무료배송\u003C/em\u003E","freeShippingConditionMessage":null,"extremeMessage":null,"dividerIcon":null}],"shippingFee":{"titleIcon":null,"title":null,"shippingFeeType":"FREE","shippingFeeIcon":null,"shippingFee":"0","returnFeeMessage":null,"popupFreeShippingConditionMessage":null,"message":"\u003Cem class=\u0027prod-txt-bold\u0027\u003E무료배송\u003C/em\u003E","freeShippingConditionMessage":null,"extremeMessage":null,"dividerIcon":null},"shipmentDisplayType":"NORMAL","selectedIndex":0,"quantityLimitationVO":null,"quantity":1,"priceUnit":"원","priceList":[{"wowCouponDiscount":false,"unitPrice":"10g당 313원","unitDiscountRate":null,"type":"SALES","title":"쿠팡판매가","saleUnitPrice":null,"salePriceTitle":null,"salePrice":null,"priceAmount":"20,500","originalPriceDesc":null,"originPrice":null,"loyaltyRegistrationUrl":null,"loyaltyButtonText":null,"instantPriceType":null,"instantDiscount":null,"i18nSalePrice":null,"i18nPriceAmount":{"rawAmount":null,"fractionDigits":0,"currency":"KRW","amount":"20500"},"i18nOriginPrice":null,"i18nCouponPrice":null,"i18nCouponDiscountAmount":null,"hasWowInstantDiscount":false,"hasWowCouponDiscount":false,"hasNormalInstantDiscount":false,"hasNormalCouponDiscount":false,"gppuPricePolicy":null,"finalPrice":null,"discountRate":null,"description":null,"couponUnitPrice":null,"couponPriceTitle":null,"couponPrice":null,"couponDiscountAmount":null,"cashPromotionMessage":null}],"price":{"wowCouponDiscount":false,"unitPrice":null,"unitDiscountRate":null,"type":null,"title":null,"saleUnitPrice":"10g당 313원","salePriceTitle":"","salePrice":"20,500","priceAmount":null,"originalPriceDesc":"","originPrice":null,"loyaltyRegistrationUrl":null,"loyaltyButtonText":null,"instantPriceType":null,"instantDiscount":false,"i18nSalePrice":{"rawAmount":null,"fractionDigits":0,"currency":"KRW","amount":"20500"},"i18nPriceAmount":null,"i18nOriginPrice":null,"i18nCouponPrice":{"rawAmount":null,"fractionDigits":0,"currency":"KRW","amount":"20500"},"i18nCouponDiscountAmount":null,"hasWowInstantDiscount":false,"hasWowCouponDiscount":false,"hasNormalInstantDiscount":false,"hasNormalCouponDiscount":false,"gppuPricePolicy":null,"finalPrice":"20,500","discountRate":null,"description":null,"couponUnitPrice":"10g당 313원","couponPriceTitle":"","couponPrice":"20,500","couponDiscountAmount":null,"cashPromotionMessage":null},"moduleData":null,"freebieBenefit":null,"deliveryList":[{"type":"VENDOR_DELIVERY","title":null,"speedType":null,"rocketWowQuestionMark":false,"loyaltyButtonText":null,"logistics":false,"hideQuestionMark":false,"extremeDescriptions":null,"descriptions":"\u003Cem class=\u0027prod-txt-onyx prod-txt-font-14\u0027\u003E수요일 11/13\u003C/em\u003E\u003Cem class=\u0027prod-txt-onyx\u0027\u003E 도착 예정 (판매자배송)\u003C/em\u003E","descriptionIcon":null,"descriptionBadge":null,"deliveryReminderMessage":null,"deliveryNotice":null,"deliveryExtraInfo":null,"delayMessage":null,"countDownMillisecond":null,"countDownMessage":null,"companyLabel":null,"company":null,"badgeUrl":null}],"delivery":{"type":"VENDOR_DELIVERY","title":null,"speedType":null,"rocketWowQuestionMark":false,"loyaltyButtonText":null,"logistics":false,"hideQuestionMark":false,"extremeDescriptions":null,"descriptions":"\u003Cem class=\u0027prod-txt-onyx prod-txt-font-14\u0027\u003E수요일 11/13\u003C/em\u003E\u003Cem class=\u0027prod-txt-onyx\u0027\u003E 도착 예정 (판매자배송)\u003C/em\u003E","descriptionIcon":null,"descriptionBadge":null,"deliveryReminderMessage":null,"deliveryNotice":null,"deliveryExtraInfo":null,"delayMessage":null,"countDownMillisecond":null,"countDownMessage":null,"companyLabel":null,"company":null,"badgeUrl":null},"cashBackSummary":null,"bundleOption":null,"benefitDisplayType":null,"appliedCoupon":null,"abFlags":{"applyExtremeProminenceFreeDeliveryMessages":"A","jikgu1PWarrantyAB":"NOT_APPLICABLE"}}],"preOrderVo":null,"otherSellerCount":null,"offerDescription":null,"offerBanner":null,"memberInfo":null,"luxuryDiscountBenefit":null,"linkedVendorItemInfo":null,"limitNoticeVo":null,"itemName":"해태 홈런볼 소금우유 (+물티슈10매증정), 164g, 4개","itemId":22433069383,"inventory":null,"invalid":false,"images":[{"thumbnailImage":"//thumbnail7.coupangcdn.com/thumbnails/remote/48x48ex/image/vendor_inventory/6cb9/033c799023bb421a6a5560e9fae55de29b695a56c6c38c4d4ad8fa54008c.jpg","preloadImage":"//thumbnail7.coupangcdn.com/thumbnails/remote/230x230ex/image/vendor_inventory/6cb9/033c799023bb421a6a5560e9fae55de29b695a56c6c38c4d4ad8fa54008c.jpg","origin":"//image7.coupangcdn.com/image/vendor_inventory/6cb9/033c799023bb421a6a5560e9fae55de29b695a56c6c38c4d4ad8fa54008c.jpg","detailImage":"//thumbnail7.coupangcdn.com/thumbnails/remote/1500x1500ex/image/vendor_inventory/6cb9/033c799023bb421a6a5560e9fae55de29b695a56c6c38c4d4ad8fa54008c.jpg"}],"goldFish":false,"giftcard":false,"freshEligible":false,"easePayment":null,"discountBenefitDescriptionList":null,"discountBenefitDescription":null,"deliveryAttribute":false,"dawnOnly":false,"couponList":null,"ccidInfo":null,"ccidEligible":false,"cashBackSummary":null,"buyableQuantity":50,"bundleOption":null,"blockInfo":null,"bizBadge":null,"badgeMap":{},"authors":null,"attributeTitle":null,"apiUrlMap":{"addToCartUrl":"coupang://addCart?itemId=22433069383\u0026productId=8009070810\u0026vendorItemId=89477692473\u0026sourceType=offerDetail\u0026price=20500\u0026sdpVisitKey=\u0026isLoser=false\u0026offerStatus=NEW","shippingConsolidationUrl":null},"almostSoldOut":false},"3558240155,3164565215":{"wishList":false,"warrantyServiceVo":null,"vendorItemId":89477692408,"vendor":null,"used":false,"topSellingInfo":null,"supplier":null,"subscribeInfo":null,"stickBanners":null,"soldOut":false,"shippingConsolidationLink":null,"sellingInfoVo":null,"ruleBasedTitle":null,"roleCode":null,"rocketLuxuryDisclaimer":null,"retail":false,"restockNotification":false,"quantityBase":[{"wowOnlyInstantDiscountRate":0,"subscriptionPriceList":[],"subscriptionPrice":null,"subscriptionDiscountRate":-1,"subscriptionDelivery":null,"shippingFeeList":[{"titleIcon":null,"title":null,"shippingFeeType":"FREE","shippingFeeIcon":null,"shippingFee":null,"returnFeeMessage":null,"popupFreeShippingConditionMessage":null,"message":"\u003Cem class=\u0027prod-txt-bold\u0027\u003E무료배송\u003C/em\u003E","freeShippingConditionMessage":null,"extremeMessage":null,"dividerIcon":null}],"shippingFee":{"titleIcon":null,"title":null,"shippingFeeType":"FREE","shippingFeeIcon":null,"shippingFee":"0","returnFeeMessage":null,"popupFreeShippingConditionMessage":null,"message":"\u003Cem class=\u0027prod-txt-bold\u0027\u003E무료배송\u003C/em\u003E","freeShippingConditionMessage":null,"extremeMessage":null,"dividerIcon":null},"shipmentDisplayType":"NORMAL","selectedIndex":0,"quantityLimitationVO":null,"quantity":1,"priceUnit":"원","priceList":[{"wowCouponDiscount":false,"unitPrice":"10g당 264원","unitDiscountRate":null,"type":"SALES","title":"쿠팡판매가","saleUnitPrice":null,"salePriceTitle":null,"salePrice":null,"priceAmount":"52,000","originalPriceDesc":null,"originPrice":null,"loyaltyRegistrationUrl":null,"loyaltyButtonText":null,"instantPriceType":null,"instantDiscount":null,"i18nSalePrice":null,"i18nPriceAmount":{"rawAmount":null,"fractionDigits":0,"currency":"KRW","amount":"52000"},"i18nOriginPrice":null,"i18nCouponPrice":null,"i18nCouponDiscountAmount":null,"hasWowInstantDiscount":false,"hasWowCouponDiscount":false,"hasNormalInstantDiscount":false,"hasNormalCouponDiscount":false,"gppuPricePolicy":null,"finalPrice":null,"discountRate":null,"description":null,"couponUnitPrice":null,"couponPriceTitle":null,"couponPrice":null,"couponDiscountAmount":null,"cashPromotionMessage":null}],"price":{"wowCouponDiscount":false,"unitPrice":null,"unitDiscountRate":null,"type":null,"title":null,"saleUnitPrice":"10g당 264원","salePriceTitle":"","salePrice":"52,000","priceAmount":null,"originalPriceDesc":"","originPrice":null,"loyaltyRegistrationUrl":null,"loyaltyButtonText":null,"instantPriceType":null,"instantDiscount":false,"i18nSalePrice":{"rawAmount":null,"fractionDigits":0,"currency":"KRW","amount":"52000"},"i18nPriceAmount":null,"i18nOriginPrice":null,"i18nCouponPrice":{"rawAmount":null,"fractionDigits":0,"currency":"KRW","amount":"52000"},"i18nCouponDiscountAmount":null,"hasWowInstantDiscount":false,"hasWowCouponDiscount":false,"hasNormalInstantDiscount":false,"hasNormalCouponDiscount":false,"gppuPricePolicy":null,"finalPrice":"52,000","discountRate":null,"description":null,"couponUnitPrice":"10g당 264원","couponPriceTitle":"","couponPrice":"52,000","couponDiscountAmount":null,"cashPromotionMessage":null},"moduleData":null,"freebieBenefit":null,"deliveryList":[{"type":"VENDOR_DELIVERY","title":null,"speedType":null,"rocketWowQuestionMark":false,"loyaltyButtonText":null,"logistics":false,"hideQuestionMark":false,"extremeDescriptions":null,"descriptions":"\u003Cem class=\u0027prod-txt-onyx prod-txt-font-14\u0027\u003E수요일 11/13\u003C/em\u003E\u003Cem class=\u0027prod-txt-onyx\u0027\u003E 도착 예정 (판매자배송)\u003C/em\u003E","descriptionIcon":null,"descriptionBadge":null,"deliveryReminderMessage":null,"deliveryNotice":null,"deliveryExtraInfo":null,"delayMessage":null,"countDownMillisecond":null,"countDownMessage":null,"companyLabel":null,"company":null,"badgeUrl":null}],"delivery":{"type":"VENDOR_DELIVERY","title":null,"speedType":null,"rocketWowQuestionMark":false,"loyaltyButtonText":null,"logistics":false,"hideQuestionMark":false,"extremeDescriptions":null,"descriptions":"\u003Cem class=\u0027prod-txt-onyx prod-txt-font-14\u0027\u003E수요일 11/13\u003C/em\u003E\u003Cem class=\u0027prod-txt-onyx\u0027\u003E 도착 예정 (판매자배송)\u003C/em\u003E","descriptionIcon":null,"descriptionBadge":null,"deliveryReminderMessage":null,"deliveryNotice":null,"deliveryExtraInfo":null,"delayMessage":null,"countDownMillisecond":null,"countDownMessage":null,"companyLabel":null,"company":null,"badgeUrl":null},"cashBackSummary":null,"bundleOption":null,"benefitDisplayType":null,"appliedCoupon":null,"abFlags":{"applyExtremeProminenceFreeDeliveryMessages":"A","jikgu1PWarrantyAB":"NOT_APPLICABLE"}}],"preOrderVo":null,"otherSellerCount":null,"offerDescription":null,"offerBanner":null,"memberInfo":null,"luxuryDiscountBenefit":null,"linkedVendorItemInfo":null,"limitNoticeVo":null,"itemName":"해태 홈런볼 소금우유 (+물티슈10매증정), 164g, 12개","itemId":22433069364,"inventory":null,"invalid":false,"images":[{"thumbnailImage":"//thumbnail10.coupangcdn.com/thumbnails/remote/48x48ex/image/vendor_inventory/b8b6/313dfbe4f2a848774ed3d55eab24cb785defffd7c8897999b4c1eed83801.jpg","preloadImage":"//thumbnail10.coupangcdn.com/thumbnails/remote/230x230ex/image/vendor_inventory/b8b6/313dfbe4f2a848774ed3d55eab24cb785defffd7c8897999b4c1eed83801.jpg","origin":"//image10.coupangcdn.com/image/vendor_inventory/b8b6/313dfbe4f2a848774ed3d55eab24cb785defffd7c8897999b4c1eed83801.jpg","detailImage":"//thumbnail10.coupangcdn.com/thumbnails/remote/1500x1500ex/image/vendor_inventory/b8b6/313dfbe4f2a848774ed3d55eab24cb785defffd7c8897999b4c1eed83801.jpg"}],"goldFish":false,"giftcard":false,"freshEligible":false,"easePayment":null,"discountBenefitDescriptionList":null,"discountBenefitDescription":null,"deliveryAttribute":false,"dawnOnly":false,"couponList":null,"ccidInfo":null,"ccidEligible":false,"cashBackSummary":null,"buyableQuantity":50,"bundleOption":null,"blockInfo":null,"bizBadge":null,"badgeMap":{},"authors":null,"attributeTitle":null,"apiUrlMap":{"addToCartUrl":"coupang://addCart?itemId=22433069364\u0026productId=8009070810\u0026vendorItemId=89477692408\u0026sourceType=offerDetail\u0026price=52000\u0026sdpVisitKey=\u0026isLoser=false\u0026offerStatus=NEW","shippingConsolidationUrl":null},"almostSoldOut":false},"3162826271,1626146208":{"wishList":false,"warrantyServiceVo":null,"vendorItemId":90398049770,"vendor":null,"used":false,"topSellingInfo":null,"supplier":null,"subscribeInfo":null,"stickBanners":null,"soldOut":false,"shippingConsolidationLink":null,"sellingInfoVo":null,"ruleBasedTitle":null,"roleCode":null,"rocketLuxuryDisclaimer":null,"retail":false,"restockNotification":false,"quantityBase":[{"wowOnlyInstantDiscountRate":0,"subscriptionPriceList":[],"subscriptionPrice":null,"subscriptionDiscountRate":-1,"subscriptionDelivery":null,"shippingFeeList":[{"titleIcon":null,"title":null,"shippingFeeType":"FREE","shippingFeeIcon":null,"shippingFee":null,"returnFeeMessage":null,"popupFreeShippingConditionMessage":null,"message":"\u003Cem class=\u0027prod-txt-bold\u0027\u003E무료배송\u003C/em\u003E","freeShippingConditionMessage":null,"extremeMessage":null,"dividerIcon":null}],"shippingFee":{"titleIcon":null,"title":null,"shippingFeeType":"FREE","shippingFeeIcon":null,"shippingFee":"0","returnFeeMessage":null,"popupFreeShippingConditionMessage":null,"message":"\u003Cem class=\u0027prod-txt-bold\u0027\u003E무료배송\u003C/em\u003E","freeShippingConditionMessage":null,"extremeMessage":null,"dividerIcon":null},"shipmentDisplayType":"NORMAL","selectedIndex":0,"quantityLimitationVO":null,"quantity":1,"priceUnit":"원","priceList":[{"wowCouponDiscount":false,"unitPrice":"10g당 359원","unitDiscountRate":null,"type":"SALES","title":"쿠팡판매가","saleUnitPrice":null,"salePriceTitle":null,"salePrice":null,"priceAmount":"14,060","originalPriceDesc":null,"originPrice":null,"loyaltyRegistrationUrl":null,"loyaltyButtonText":null,"instantPriceType":null,"instantDiscount":null,"i18nSalePrice":null,"i18nPriceAmount":{"rawAmount":null,"fractionDigits":0,"currency":"KRW","amount":"14060"},"i18nOriginPrice":null,"i18nCouponPrice":null,"i18nCouponDiscountAmount":null,"hasWowInstantDiscount":false,"hasWowCouponDiscount":false,"hasNormalInstantDiscount":false,"hasNormalCouponDiscount":false,"gppuPricePolicy":null,"finalPrice":null,"discountRate":null,"description":null,"couponUnitPrice":null,"couponPriceTitle":null,"couponPrice":null,"couponDiscountAmount":null,"cashPromotionMessage":null}],"price":{"wowCouponDiscount":false,"unitPrice":null,"unitDiscountRate":null,"type":null,"title":null,"saleUnitPrice":"10g당 359원","salePriceTitle":"","salePrice":"14,060","priceAmount":null,"originalPriceDesc":"","originPrice":null,"loyaltyRegistrationUrl":null,"loyaltyButtonText":null,"instantPriceType":null,"instantDiscount":false,"i18nSalePrice":{"rawAmount":null,"fractionDigits":0,"currency":"KRW","amount":"14060"},"i18nPriceAmount":null,"i18nOriginPrice":null,"i18nCouponPrice":{"rawAmount":null,"fractionDigits":0,"currency":"KRW","amount":"14060"},"i18nCouponDiscountAmount":null,"hasWowInstantDiscount":false,"hasWowCouponDiscount":false,"hasNormalInstantDiscount":false,"hasNormalCouponDiscount":false,"gppuPricePolicy":null,"finalPrice":"14,060","discountRate":null,"description":null,"couponUnitPrice":"10g당 359원","couponPriceTitle":"","couponPrice":"14,060","couponDiscountAmount":null,"cashPromotionMessage":null},"moduleData":null,"freebieBenefit":null,"deliveryList":[{"type":"VENDOR_DELIVERY","title":null,"speedType":null,"rocketWowQuestionMark":false,"loyaltyButtonText":null,"logistics":false,"hideQuestionMark":false,"extremeDescriptions":null,"descriptions":"\u003Cem class=\u0027prod-txt-onyx prod-txt-font-14\u0027\u003E수요일 11/13\u003C/em\u003E\u003Cem class=\u0027prod-txt-onyx\u0027\u003E 도착 예정 (판매자배송)\u003C/em\u003E","descriptionIcon":null,"descriptionBadge":null,"deliveryReminderMessage":null,"deliveryNotice":null,"deliveryExtraInfo":null,"delayMessage":null,"countDownMillisecond":null,"countDownMessage":null,"companyLabel":null,"company":null,"badgeUrl":null}],"delivery":{"type":"VENDOR_DELIVERY","title":null,"speedType":null,"rocketWowQuestionMark":false,"loyaltyButtonText":null,"logistics":false,"hideQuestionMark":false,"extremeDescriptions":null,"descriptions":"\u003Cem class=\u0027prod-txt-onyx prod-txt-font-14\u0027\u003E수요일 11/13\u003C/em\u003E\u003Cem class=\u0027prod-txt-onyx\u0027\u003E 도착 예정 (판매자배송)\u003C/em\u003E","descriptionIcon":null,"descriptionBadge":null,"deliveryReminderMessage":null,"deliveryNotice":null,"deliveryExtraInfo":null,"delayMessage":null,"countDownMillisecond":null,"countDownMessage":null,"companyLabel":null,"company":null,"badgeUrl":null},"cashBackSummary":null,"bundleOption":null,"benefitDisplayType":null,"appliedCoupon":null,"abFlags":{"applyExtremeProminenceFreeDeliveryMessages":"A","jikgu1PWarrantyAB":"NOT_APPLICABLE"}}],"preOrderVo":null,"otherSellerCount":null,"offerDescription":null,"offerBanner":null,"memberInfo":null,"luxuryDiscountBenefit":null,"linkedVendorItemInfo":null,"limitNoticeVo":null,"itemName":"해태 홈런볼 소금우유 단짠고소, 49g, 8개","itemId":22509621272,"inventory":null,"invalid":false,"images":[{"thumbnailImage":"//thumbnail6.coupangcdn.com/thumbnails/remote/48x48ex/image/vendor_inventory/b5a0/73e68dc68866791b564f42a62c03433b894e2e64bb8b76c531bdf721f56e.jpg","preloadImage":"//thumbnail6.coupangcdn.com/thumbnails/remote/230x230ex/image/vendor_inventory/b5a0/73e68dc68866791b564f42a62c03433b894e2e64bb8b76c531bdf721f56e.jpg","origin":"//image6.coupangcdn.com/image/vendor_inventory/b5a0/73e68dc68866791b564f42a62c03433b894e2e64bb8b76c531bdf721f56e.jpg","detailImage":"//thumbnail6.coupangcdn.com/thumbnails/remote/1500x1500ex/image/vendor_inventory/b5a0/73e68dc68866791b564f42a62c03433b894e2e64bb8b76c531bdf721f56e.jpg"}],"goldFish":false,"giftcard":false,"freshEligible":false,"easePayment":null,"discountBenefitDescriptionList":null,"discountBenefitDescription":null,"deliveryAttribute":false,"dawnOnly":false,"couponList":null,"ccidInfo":null,"ccidEligible":false,"cashBackSummary":null,"buyableQuantity":50,"bundleOption":null,"blockInfo":null,"bizBadge":null,"badgeMap":{},"authors":null,"attributeTitle":null,"apiUrlMap":{"addToCartUrl":"coupang://addCart?itemId=22509621272\u0026productId=8009070810\u0026vendorItemId=90398049770\u0026sourceType=offerDetail\u0026price=14060\u0026sdpVisitKey=\u0026isLoser=false\u0026offerStatus=NEW","shippingConsolidationUrl":null},"almostSoldOut":false},"3162826023,3164566114":{"wishList":false,"warrantyServiceVo":null,"vendorItemId":89463066333,"vendor":null,"used":false,"topSellingInfo":null,"supplier":null,"subscribeInfo":null,"stickBanners":null,"soldOut":false,"shippingConsolidationLink":null,"sellingInfoVo":null,"ruleBasedTitle":null,"roleCode":null,"rocketLuxuryDisclaimer":null,"retail":true,"restockNotification":false,"quantityBase":[{"wowOnlyInstantDiscountRate":0,"subscriptionPriceList":[],"subscriptionPrice":null,"subscriptionDiscountRate":-1,"subscriptionDelivery":null,"shippingFeeList":[{"titleIcon":{"width":18,"url":"https://image7.coupangcdn.com/image/coupang/common/ICON_CHECK_OUTLINE_GREEN@1x.png","tintColor":null,"height":18},"title":"무료배송","shippingFeeType":"FREE","shippingFeeIcon":{"width":18,"url":"https://image10.coupangcdn.com/image/coupang/icon/xxxhdpi/ICON_DELIVERY_COLOR@3x.png","tintColor":null,"height":18},"shippingFee":null,"returnFeeMessage":null,"popupFreeShippingConditionMessage":null,"message":"\u003Cem class=\u0027prod-txt-bold\u0027\u003E무료배송\u003C/em\u003E","freeShippingConditionMessage":null,"extremeMessage":"무료배송","dividerIcon":{"width":18,"url":"https://image6.coupangcdn.com/image/coupang/icon/xxxhdpi/ICON_DIVIDER_VERTICAL@3x.png","tintColor":null,"height":18}}],"shippingFee":{"titleIcon":null,"title":null,"shippingFeeType":"FREE","shippingFeeIcon":null,"shippingFee":"0","returnFeeMessage":null,"popupFreeShippingConditionMessage":null,"message":"\u003Cem class=\u0027prod-txt-bold\u0027\u003E무료배송\u003C/em\u003E","freeShippingConditionMessage":null,"extremeMessage":null,"dividerIcon":null},"shipmentDisplayType":"NORMAL","selectedIndex":0,"quantityLimitationVO":null,"quantity":1,"priceUnit":"원","priceList":[{"wowCouponDiscount":false,"unitPrice":"10g당 259원","unitDiscountRate":null,"type":"SALES","title":"쿠팡판매가","saleUnitPrice":null,"salePriceTitle":null,"salePrice":null,"priceAmount":"21,200","originalPriceDesc":null,"originPrice":null,"loyaltyRegistrationUrl":null,"loyaltyButtonText":null,"instantPriceType":null,"instantDiscount":null,"i18nSalePrice":null,"i18nPriceAmount":{"rawAmount":null,"fractionDigits":0,"currency":"KRW","amount":"21200"},"i18nOriginPrice":null,"i18nCouponPrice":null,"i18nCouponDiscountAmount":null,"hasWowInstantDiscount":false,"hasWowCouponDiscount":false,"hasNormalInstantDiscount":false,"hasNormalCouponDiscount":false,"gppuPricePolicy":null,"finalPrice":null,"discountRate":null,"description":null,"couponUnitPrice":null,"couponPriceTitle":null,"couponPrice":null,"couponDiscountAmount":null,"cashPromotionMessage":null}],"price":{"wowCouponDiscount":false,"unitPrice":null,"unitDiscountRate":null,"type":null,"title":null,"saleUnitPrice":"10g당 259원","salePriceTitle":"","salePrice":"21,200","priceAmount":null,"originalPriceDesc":null,"originPrice":"22,750","loyaltyRegistrationUrl":null,"loyaltyButtonText":null,"instantPriceType":null,"instantDiscount":false,"i18nSalePrice":{"rawAmount":null,"fractionDigits":0,"currency":"KRW","amount":"21200"},"i18nPriceAmount":null,"i18nOriginPrice":{"rawAmount":null,"fractionDigits":0,"currency":"KRW","amount":"22750"},"i18nCouponPrice":{"rawAmount":null,"fractionDigits":0,"currency":"KRW","amount":"21200"},"i18nCouponDiscountAmount":null,"hasWowInstantDiscount":false,"hasWowCouponDiscount":false,"hasNormalInstantDiscount":false,"hasNormalCouponDiscount":false,"gppuPricePolicy":[{"priceInfo":"\u003Cspan class=\u0027discount-rate\u0027\u003E6%\u003C/span\u003E\u003Cspan class=\u0027origin-price\u0027\u003E22,750원\u003C/span\u003E","description":"업체의 권장소비자가 또는 공식 판매처 판매가 또는 도서 정가(도서 정가제 대상인 경우)입니다. 해당 가격이 없는 경우 90일 내 쿠팡에서 판매된 가격 중 가장 높은 가격을 표시합니다."}],"finalPrice":"21,200","discountRate":"6","description":null,"couponUnitPrice":"10g당 259원","couponPriceTitle":"","couponPrice":"21,200","couponDiscountAmount":null,"cashPromotionMessage":null},"moduleData":null,"freebieBenefit":null,"deliveryList":[{"type":"ROCKET_DELIVERY","title":null,"speedType":null,"rocketWowQuestionMark":false,"loyaltyButtonText":null,"logistics":true,"hideQuestionMark":false,"extremeDescriptions":null,"descriptions":"\u003Cem class=\u0027prod-txt-onyx prod-txt-green-normal\u0027\u003E내일(일) 11/10\u003C/em\u003E\u003Cem class=\u0027prod-txt-onyx prod-txt-green-normal\u0027\u003E 도착 보장\u003C/em\u003E","descriptionIcon":null,"descriptionBadge":null,"deliveryReminderMessage":null,"deliveryNotice":null,"deliveryExtraInfo":null,"delayMessage":null,"countDownMillisecond":null,"countDownMessage":null,"companyLabel":null,"company":null,"badgeUrl":"https://image6.coupangcdn.com/image/cmg/icon/ios/logo_rocket_large@3x.png"}],"delivery":{"type":"ROCKET_DELIVERY","title":null,"speedType":null,"rocketWowQuestionMark":false,"loyaltyButtonText":null,"logistics":true,"hideQuestionMark":false,"extremeDescriptions":null,"descriptions":"\u003Cem class=\u0027prod-txt-onyx prod-txt-green-normal\u0027\u003E내일(일) 11/10\u003C/em\u003E\u003Cem class=\u0027prod-txt-onyx prod-txt-green-normal\u0027\u003E 도착 보장\u003C/em\u003E","descriptionIcon":null,"descriptionBadge":null,"deliveryReminderMessage":null,"deliveryNotice":null,"deliveryExtraInfo":null,"delayMessage":null,"countDownMillisecond":null,"countDownMessage":null,"companyLabel":null,"company":null,"badgeUrl":"https://image6.coupangcdn.com/image/cmg/icon/ios/logo_rocket_large@3x.png"},"cashBackSummary":null,"bundleOption":null,"benefitDisplayType":null,"appliedCoupon":null,"abFlags":{"applyExtremeProminenceFreeDeliveryMessages":"B","jikgu1PWarrantyAB":"NOT_APPLICABLE"}}],"preOrderVo":null,"otherSellerCount":null,"offerDescription":null,"offerBanner":null,"memberInfo":null,"luxuryDiscountBenefit":null,"linkedVendorItemInfo":null,"limitNoticeVo":null,"itemName":"해태제과 홈런볼 소금 우유, 41g, 20개","itemId":22418305739,"inventory":null,"invalid":false,"images":[{"thumbnailImage":"//thumbnail8.coupangcdn.com/thumbnails/remote/48x48ex/image/retail/images/6d1337cc-93a5-40fc-8adb-235f561d56d85500132505165696092.png","preloadImage":"//thumbnail8.coupangcdn.com/thumbnails/remote/230x230ex/image/retail/images/6d1337cc-93a5-40fc-8adb-235f561d56d85500132505165696092.png","origin":"//image8.coupangcdn.com/image/retail/images/6d1337cc-93a5-40fc-8adb-235f561d56d85500132505165696092.png","detailImage":"//thumbnail8.coupangcdn.com/thumbnails/remote/1500x1500ex/image/retail/images/6d1337cc-93a5-40fc-8adb-235f561d56d85500132505165696092.png"},{"thumbnailImage":"//thumbnail7.coupangcdn.com/thumbnails/remote/48x48ex/image/retail/images/2024/04/10/15/6/fcb0b460-bd44-4d29-aa72-aa57cd47f66e.png","preloadImage":"//thumbnail7.coupangcdn.com/thumbnails/remote/230x230ex/image/retail/images/2024/04/10/15/6/fcb0b460-bd44-4d29-aa72-aa57cd47f66e.png","origin":"//image7.coupangcdn.com/image/retail/images/2024/04/10/15/6/fcb0b460-bd44-4d29-aa72-aa57cd47f66e.png","detailImage":"//thumbnail7.coupangcdn.com/thumbnails/remote/1500x1500ex/image/retail/images/2024/04/10/15/6/fcb0b460-bd44-4d29-aa72-aa57cd47f66e.png"},{"thumbnailImage":"//thumbnail7.coupangcdn.com/thumbnails/remote/48x48ex/image/retail/images/2024/04/10/15/2/d497cfde-b0ff-417a-8aa3-697238158fa4.png","preloadImage":"//thumbnail7.coupangcdn.com/thumbnails/remote/230x230ex/image/retail/images/2024/04/10/15/2/d497cfde-b0ff-417a-8aa3-697238158fa4.png","origin":"//image7.coupangcdn.com/image/retail/images/2024/04/10/15/2/d497cfde-b0ff-417a-8aa3-697238158fa4.png","detailImage":"//thumbnail7.coupangcdn.com/thumbnails/remote/1500x1500ex/image/retail/images/2024/04/10/15/2/d497cfde-b0ff-417a-8aa3-697238158fa4.png"},{"thumbnailImage":"//thumbnail9.coupangcdn.com/thumbnails/remote/48x48ex/image/retail/images/2024/04/10/15/3/4c628f66-e6d2-4639-b0d0-e57d5047efd5.png","preloadImage":"//thumbnail9.coupangcdn.com/thumbnails/remote/230x230ex/image/retail/images/2024/04/10/15/3/4c628f66-e6d2-4639-b0d0-e57d5047efd5.png","origin":"//image9.coupangcdn.com/image/retail/images/2024/04/10/15/3/4c628f66-e6d2-4639-b0d0-e57d5047efd5.png","detailImage":"//thumbnail9.coupangcdn.com/thumbnails/remote/1500x1500ex/image/retail/images/2024/04/10/15/3/4c628f66-e6d2-4639-b0d0-e57d5047efd5.png"},{"thumbnailImage":"//thumbnail8.coupangcdn.com/thumbnails/remote/48x48ex/image/retail/images/2024/04/10/15/5/125934e4-004b-43f2-ae73-0829e277ee19.png","preloadImage":"//thumbnail8.coupangcdn.com/thumbnails/remote/230x230ex/image/retail/images/2024/04/10/15/5/125934e4-004b-43f2-ae73-0829e277ee19.png","origin":"//image8.coupangcdn.com/image/retail/images/2024/04/10/15/5/125934e4-004b-43f2-ae73-0829e277ee19.png","detailImage":"//thumbnail8.coupangcdn.com/thumbnails/remote/1500x1500ex/image/retail/images/2024/04/10/15/5/125934e4-004b-43f2-ae73-0829e277ee19.png"}],"goldFish":false,"giftcard":false,"freshEligible":false,"easePayment":null,"discountBenefitDescriptionList":null,"discountBenefitDescription":null,"deliveryAttribute":false,"dawnOnly":false,"couponList":null,"ccidInfo":null,"ccidEligible":false,"cashBackSummary":null,"buyableQuantity":10,"bundleOption":null,"blockInfo":null,"bizBadge":null,"badgeMap":{},"authors":null,"attributeTitle":null,"apiUrlMap":{"addToCartUrl":"coupang://addCart?itemId=22418305739\u0026productId=8009070810\u0026vendorItemId=89463066333\u0026sourceType=offerDetail\u0026price=21200\u0026sdpVisitKey=\u0026isLoser=false\u0026offerStatus=NEW","shippingConsolidationUrl":null},"almostSoldOut":false},"3558240155,1626146022":{"wishList":false,"warrantyServiceVo":null,"vendorItemId":89477692377,"vendor":null,"used":false,"topSellingInfo":null,"supplier":null,"subscribeInfo":null,"stickBanners":null,"soldOut":false,"shippingConsolidationLink":null,"sellingInfoVo":null,"ruleBasedTitle":null,"roleCode":null,"rocketLuxuryDisclaimer":null,"retail":false,"restockNotification":false,"quantityBase":[{"wowOnlyInstantDiscountRate":0,"subscriptionPriceList":[],"subscriptionPrice":null,"subscriptionDiscountRate":-1,"subscriptionDelivery":null,"shippingFeeList":[{"titleIcon":null,"title":null,"shippingFeeType":"FREE","shippingFeeIcon":null,"shippingFee":null,"returnFeeMessage":null,"popupFreeShippingConditionMessage":null,"message":"\u003Cem class=\u0027prod-txt-bold\u0027\u003E무료배송\u003C/em\u003E","freeShippingConditionMessage":null,"extremeMessage":null,"dividerIcon":null}],"shippingFee":{"titleIcon":null,"title":null,"shippingFeeType":"FREE","shippingFeeIcon":null,"shippingFee":"0","returnFeeMessage":null,"popupFreeShippingConditionMessage":null,"message":"\u003Cem class=\u0027prod-txt-bold\u0027\u003E무료배송\u003C/em\u003E","freeShippingConditionMessage":null,"extremeMessage":null,"dividerIcon":null},"shipmentDisplayType":"NORMAL","selectedIndex":0,"quantityLimitationVO":null,"quantity":1,"priceUnit":"원","priceList":[{"wowCouponDiscount":false,"unitPrice":"10g당 353원","unitDiscountRate":null,"type":"SALES","title":"쿠팡판매가","saleUnitPrice":null,"salePriceTitle":null,"salePrice":null,"priceAmount":"11,570","originalPriceDesc":null,"originPrice":null,"loyaltyRegistrationUrl":null,"loyaltyButtonText":null,"instantPriceType":null,"instantDiscount":null,"i18nSalePrice":null,"i18nPriceAmount":{"rawAmount":null,"fractionDigits":0,"currency":"KRW","amount":"11570"},"i18nOriginPrice":null,"i18nCouponPrice":null,"i18nCouponDiscountAmount":null,"hasWowInstantDiscount":false,"hasWowCouponDiscount":false,"hasNormalInstantDiscount":false,"hasNormalCouponDiscount":false,"gppuPricePolicy":null,"finalPrice":null,"discountRate":null,"description":null,"couponUnitPrice":null,"couponPriceTitle":null,"couponPrice":null,"couponDiscountAmount":null,"cashPromotionMessage":null}],"price":{"wowCouponDiscount":false,"unitPrice":null,"unitDiscountRate":null,"type":null,"title":null,"saleUnitPrice":"10g당 353원","salePriceTitle":"","salePrice":"11,570","priceAmount":null,"originalPriceDesc":"","originPrice":null,"loyaltyRegistrationUrl":null,"loyaltyButtonText":null,"instantPriceType":null,"instantDiscount":false,"i18nSalePrice":{"rawAmount":null,"fractionDigits":0,"currency":"KRW","amount":"11570"},"i18nPriceAmount":null,"i18nOriginPrice":null,"i18nCouponPrice":{"rawAmount":null,"fractionDigits":0,"currency":"KRW","amount":"11570"},"i18nCouponDiscountAmount":null,"hasWowInstantDiscount":false,"hasWowCouponDiscount":false,"hasNormalInstantDiscount":false,"hasNormalCouponDiscount":false,"gppuPricePolicy":null,"finalPrice":"11,570","discountRate":null,"description":null,"couponUnitPrice":"10g당 353원","couponPriceTitle":"","couponPrice":"11,570","couponDiscountAmount":null,"cashPromotionMessage":null},"moduleData":null,"freebieBenefit":null,"deliveryList":[{"type":"VENDOR_DELIVERY","title":null,"speedType":null,"rocketWowQuestionMark":false,"loyaltyButtonText":null,"logistics":false,"hideQuestionMark":false,"extremeDescriptions":null,"descriptions":"\u003Cem class=\u0027prod-txt-onyx prod-txt-font-14\u0027\u003E수요일 11/13\u003C/em\u003E\u003Cem class=\u0027prod-txt-onyx\u0027\u003E 도착 예정 (판매자배송)\u003C/em\u003E","descriptionIcon":null,"descriptionBadge":null,"deliveryReminderMessage":null,"deliveryNotice":null,"deliveryExtraInfo":null,"delayMessage":null,"countDownMillisecond":null,"countDownMessage":null,"companyLabel":null,"company":null,"badgeUrl":null}],"delivery":{"type":"VENDOR_DELIVERY","title":null,"speedType":null,"rocketWowQuestionMark":false,"loyaltyButtonText":null,"logistics":false,"hideQuestionMark":false,"extremeDescriptions":null,"descriptions":"\u003Cem class=\u0027prod-txt-onyx prod-txt-font-14\u0027\u003E수요일 11/13\u003C/em\u003E\u003Cem class=\u0027prod-txt-onyx\u0027\u003E 도착 예정 (판매자배송)\u003C/em\u003E","descriptionIcon":null,"descriptionBadge":null,"deliveryReminderMessage":null,"deliveryNotice":null,"deliveryExtraInfo":null,"delayMessage":null,"countDownMillisecond":null,"countDownMessage":null,"companyLabel":null,"company":null,"badgeUrl":null},"cashBackSummary":null,"bundleOption":null,"benefitDisplayType":null,"appliedCoupon":null,"abFlags":{"applyExtremeProminenceFreeDeliveryMessages":"A","jikgu1PWarrantyAB":"NOT_APPLICABLE"}}],"preOrderVo":null,"otherSellerCount":null,"offerDescription":null,"offerBanner":null,"memberInfo":null,"luxuryDiscountBenefit":null,"linkedVendorItemInfo":null,"limitNoticeVo":null,"itemName":"해태 홈런볼 소금우유 (+물티슈10매증정), 164g, 2개","itemId":22433069356,"inventory":null,"invalid":false,"images":[{"thumbnailImage":"//thumbnail9.coupangcdn.com/thumbnails/remote/48x48ex/image/vendor_inventory/7966/14d6dd25447e7354c3698bdaa04037f2382f2c9e946ecde0fa1a167c2e1a.jpg","preloadImage":"//thumbnail9.coupangcdn.com/thumbnails/remote/230x230ex/image/vendor_inventory/7966/14d6dd25447e7354c3698bdaa04037f2382f2c9e946ecde0fa1a167c2e1a.jpg","origin":"//image9.coupangcdn.com/image/vendor_inventory/7966/14d6dd25447e7354c3698bdaa04037f2382f2c9e946ecde0fa1a167c2e1a.jpg","detailImage":"//thumbnail9.coupangcdn.com/thumbnails/remote/1500x1500ex/image/vendor_inventory/7966/14d6dd25447e7354c3698bdaa04037f2382f2c9e946ecde0fa1a167c2e1a.jpg"}],"goldFish":false,"giftcard":false,"freshEligible":false,"easePayment":null,"discountBenefitDescriptionList":null,"discountBenefitDescription":null,"deliveryAttribute":false,"dawnOnly":false,"couponList":null,"ccidInfo":null,"ccidEligible":false,"cashBackSummary":null,"buyableQuantity":50,"bundleOption":null,"blockInfo":null,"bizBadge":null,"badgeMap":{},"authors":null,"attributeTitle":null,"apiUrlMap":{"addToCartUrl":"coupang://addCart?itemId=22433069356\u0026productId=8009070810\u0026vendorItemId=89477692377\u0026sourceType=offerDetail\u0026price=11570\u0026sdpVisitKey=\u0026isLoser=false\u0026offerStatus=NEW","shippingConsolidationUrl":null},"almostSoldOut":false},"3162826023,3164566238":{"wishList":false,"warrantyServiceVo":null,"vendorItemId":89463066340,"vendor":null,"used":false,"topSellingInfo":null,"supplier":null,"subscribeInfo":null,"stickBanners":null,"soldOut":false,"shippingConsolidationLink":null,"sellingInfoVo":null,"ruleBasedTitle":null,"roleCode":null,"rocketLuxuryDisclaimer":null,"retail":true,"restockNotification":false,"quantityBase":[{"wowOnlyInstantDiscountRate":0,"subscriptionPriceList":[],"subscriptionPrice":null,"subscriptionDiscountRate":-1,"subscriptionDelivery":null,"shippingFeeList":[{"titleIcon":{"width":18,"url":"https://image7.coupangcdn.com/image/coupang/common/ICON_CHECK_OUTLINE_GREEN@1x.png","tintColor":null,"height":18},"title":"무료배송","shippingFeeType":"FREE","shippingFeeIcon":{"width":18,"url":"https://image10.coupangcdn.com/image/coupang/icon/xxxhdpi/ICON_DELIVERY_COLOR@3x.png","tintColor":null,"height":18},"shippingFee":null,"returnFeeMessage":null,"popupFreeShippingConditionMessage":null,"message":"\u003Cem class=\u0027prod-txt-bold\u0027\u003E무료배송\u003C/em\u003E","freeShippingConditionMessage":null,"extremeMessage":"무료배송","dividerIcon":{"width":18,"url":"https://image6.coupangcdn.com/image/coupang/icon/xxxhdpi/ICON_DIVIDER_VERTICAL@3x.png","tintColor":null,"height":18}}],"shippingFee":{"titleIcon":null,"title":null,"shippingFeeType":"FREE","shippingFeeIcon":null,"shippingFee":"0","returnFeeMessage":null,"popupFreeShippingConditionMessage":null,"message":"\u003Cem class=\u0027prod-txt-bold\u0027\u003E무료배송\u003C/em\u003E","freeShippingConditionMessage":null,"extremeMessage":null,"dividerIcon":null},"shipmentDisplayType":"NORMAL","selectedIndex":0,"quantityLimitationVO":null,"quantity":1,"priceUnit":"원","priceList":[{"wowCouponDiscount":false,"unitPrice":"10g당 259원","unitDiscountRate":null,"type":"SALES","title":"쿠팡판매가","saleUnitPrice":null,"salePriceTitle":null,"salePrice":null,"priceAmount":"25,440","originalPriceDesc":null,"originPrice":null,"loyaltyRegistrationUrl":null,"loyaltyButtonText":null,"instantPriceType":null,"instantDiscount":null,"i18nSalePrice":null,"i18nPriceAmount":{"rawAmount":null,"fractionDigits":0,"currency":"KRW","amount":"25440"},"i18nOriginPrice":null,"i18nCouponPrice":null,"i18nCouponDiscountAmount":null,"hasWowInstantDiscount":false,"hasWowCouponDiscount":false,"hasNormalInstantDiscount":false,"hasNormalCouponDiscount":false,"gppuPricePolicy":null,"finalPrice":null,"discountRate":null,"description":null,"couponUnitPrice":null,"couponPriceTitle":null,"couponPrice":null,"couponDiscountAmount":null,"cashPromotionMessage":null}],"price":{"wowCouponDiscount":false,"unitPrice":null,"unitDiscountRate":null,"type":null,"title":null,"saleUnitPrice":"10g당 259원","salePriceTitle":"","salePrice":"25,440","priceAmount":null,"originalPriceDesc":null,"originPrice":"27,300","loyaltyRegistrationUrl":null,"loyaltyButtonText":null,"instantPriceType":null,"instantDiscount":false,"i18nSalePrice":{"rawAmount":null,"fractionDigits":0,"currency":"KRW","amount":"25440"},"i18nPriceAmount":null,"i18nOriginPrice":{"rawAmount":null,"fractionDigits":0,"currency":"KRW","amount":"27300"},"i18nCouponPrice":{"rawAmount":null,"fractionDigits":0,"currency":"KRW","amount":"25440"},"i18nCouponDiscountAmount":null,"hasWowInstantDiscount":false,"hasWowCouponDiscount":false,"hasNormalInstantDiscount":false,"hasNormalCouponDiscount":false,"gppuPricePolicy":[{"priceInfo":"\u003Cspan class=\u0027discount-rate\u0027\u003E6%\u003C/span\u003E\u003Cspan class=\u0027origin-price\u0027\u003E27,300원\u003C/span\u003E","description":"업체의 권장소비자가 또는 공식 판매처 판매가 또는 도서 정가(도서 정가제 대상인 경우)입니다. 해당 가격이 없는 경우 90일 내 쿠팡에서 판매된 가격 중 가장 높은 가격을 표시합니다."}],"finalPrice":"25,440","discountRate":"6","description":null,"couponUnitPrice":"10g당 259원","couponPriceTitle":"","couponPrice":"25,440","couponDiscountAmount":null,"cashPromotionMessage":null},"moduleData":null,"freebieBenefit":null,"deliveryList":[{"type":"ROCKET_DELIVERY","title":null,"speedType":null,"rocketWowQuestionMark":false,"loyaltyButtonText":null,"logistics":true,"hideQuestionMark":false,"extremeDescriptions":null,"descriptions":"\u003Cem class=\u0027prod-txt-onyx prod-txt-green-normal\u0027\u003E내일(일) 11/10\u003C/em\u003E\u003Cem class=\u0027prod-txt-onyx prod-txt-green-normal\u0027\u003E 도착 보장\u003C/em\u003E","descriptionIcon":null,"descriptionBadge":null,"deliveryReminderMessage":null,"deliveryNotice":null,"deliveryExtraInfo":null,"delayMessage":null,"countDownMillisecond":null,"countDownMessage":null,"companyLabel":null,"company":null,"badgeUrl":"https://image6.coupangcdn.com/image/cmg/icon/ios/logo_rocket_large@3x.png"}],"delivery":{"type":"ROCKET_DELIVERY","title":null,"speedType":null,"rocketWowQuestionMark":false,"loyaltyButtonText":null,"logistics":true,"hideQuestionMark":false,"extremeDescriptions":null,"descriptions":"\u003Cem class=\u0027prod-txt-onyx prod-txt-green-normal\u0027\u003E내일(일) 11/10\u003C/em\u003E\u003Cem class=\u0027prod-txt-onyx prod-txt-green-normal\u0027\u003E 도착 보장\u003C/em\u003E","descriptionIcon":null,"descriptionBadge":null,"deliveryReminderMessage":null,"deliveryNotice":null,"deliveryExtraInfo":null,"delayMessage":null,"countDownMillisecond":null,"countDownMessage":null,"companyLabel":null,"company":null,"badgeUrl":"https://image6.coupangcdn.com/image/cmg/icon/ios/logo_rocket_large@3x.png"},"cashBackSummary":null,"bundleOption":null,"benefitDisplayType":null,"appliedCoupon":null,"abFlags":{"applyExtremeProminenceFreeDeliveryMessages":"B","jikgu1PWarrantyAB":"NOT_APPLICABLE"}}],"preOrderVo":null,"otherSellerCount":null,"offerDescription":null,"offerBanner":null,"memberInfo":null,"luxuryDiscountBenefit":null,"linkedVendorItemInfo":null,"limitNoticeVo":null,"itemName":"해태제과 홈런볼 소금 우유, 41g, 24개","itemId":22418305736,"inventory":null,"invalid":false,"images":[{"thumbnailImage":"//thumbnail10.coupangcdn.com/thumbnails/remote/48x48ex/image/retail/images/99e7a4cd-42b9-4ab7-a2fe-66df300004e0575616690336396732.png","preloadImage":"//thumbnail10.coupangcdn.com/thumbnails/remote/230x230ex/image/retail/images/99e7a4cd-42b9-4ab7-a2fe-66df300004e0575616690336396732.png","origin":"//image10.coupangcdn.com/image/retail/images/99e7a4cd-42b9-4ab7-a2fe-66df300004e0575616690336396732.png","detailImage":"//thumbnail10.coupangcdn.com/thumbnails/remote/1500x1500ex/image/retail/images/99e7a4cd-42b9-4ab7-a2fe-66df300004e0575616690336396732.png"},{"thumbnailImage":"//thumbnail7.coupangcdn.com/thumbnails/remote/48x48ex/image/retail/images/2024/04/10/15/2/d497cfde-b0ff-417a-8aa3-697238158fa4.png","preloadImage":"//thumbnail7.coupangcdn.com/thumbnails/remote/230x230ex/image/retail/images/2024/04/10/15/2/d497cfde-b0ff-417a-8aa3-697238158fa4.png","origin":"//image7.coupangcdn.com/image/retail/images/2024/04/10/15/2/d497cfde-b0ff-417a-8aa3-697238158fa4.png","detailImage":"//thumbnail7.coupangcdn.com/thumbnails/remote/1500x1500ex/image/retail/images/2024/04/10/15/2/d497cfde-b0ff-417a-8aa3-697238158fa4.png"},{"thumbnailImage":"//thumbnail7.coupangcdn.com/thumbnails/remote/48x48ex/image/retail/images/2024/04/10/15/6/fcb0b460-bd44-4d29-aa72-aa57cd47f66e.png","preloadImage":"//thumbnail7.coupangcdn.com/thumbnails/remote/230x230ex/image/retail/images/2024/04/10/15/6/fcb0b460-bd44-4d29-aa72-aa57cd47f66e.png","origin":"//image7.coupangcdn.com/image/retail/images/2024/04/10/15/6/fcb0b460-bd44-4d29-aa72-aa57cd47f66e.png","detailImage":"//thumbnail7.coupangcdn.com/thumbnails/remote/1500x1500ex/image/retail/images/2024/04/10/15/6/fcb0b460-bd44-4d29-aa72-aa57cd47f66e.png"},{"thumbnailImage":"//thumbnail6.coupangcdn.com/thumbnails/remote/48x48ex/image/retail/images/789522565404124-36e6e4ad-5b2b-41c2-b7de-f21b9355e7bc.png","preloadImage":"//thumbnail6.coupangcdn.com/thumbnails/remote/230x230ex/image/retail/images/789522565404124-36e6e4ad-5b2b-41c2-b7de-f21b9355e7bc.png","origin":"//image6.coupangcdn.com/image/retail/images/789522565404124-36e6e4ad-5b2b-41c2-b7de-f21b9355e7bc.png","detailImage":"//thumbnail6.coupangcdn.com/thumbnails/remote/1500x1500ex/image/retail/images/789522565404124-36e6e4ad-5b2b-41c2-b7de-f21b9355e7bc.png"},{"thumbnailImage":"//thumbnail9.coupangcdn.com/thumbnails/remote/48x48ex/image/retail/images/29477549569567-001fa07e-240a-459d-9104-1d6b6389080e.png","preloadImage":"//thumbnail9.coupangcdn.com/thumbnails/remote/230x230ex/image/retail/images/29477549569567-001fa07e-240a-459d-9104-1d6b6389080e.png","origin":"//image9.coupangcdn.com/image/retail/images/29477549569567-001fa07e-240a-459d-9104-1d6b6389080e.png","detailImage":"//thumbnail9.coupangcdn.com/thumbnails/remote/1500x1500ex/image/retail/images/29477549569567-001fa07e-240a-459d-9104-1d6b6389080e.png"}],"goldFish":false,"giftcard":false,"freshEligible":false,"easePayment":null,"discountBenefitDescriptionList":null,"discountBenefitDescription":null,"deliveryAttribute":false,"dawnOnly":false,"couponList":null,"ccidInfo":null,"ccidEligible":false,"cashBackSummary":null,"buyableQuantity":10,"bundleOption":null,"blockInfo":null,"bizBadge":null,"badgeMap":{},"authors":null,"attributeTitle":null,"apiUrlMap":{"addToCartUrl":"coupang://addCart?itemId=22418305736\u0026productId=8009070810\u0026vendorItemId=89463066340\u0026sourceType=offerDetail\u0026price=25440\u0026sdpVisitKey=\u0026isLoser=false\u0026offerStatus=NEW","shippingConsolidationUrl":null},"almostSoldOut":false},"3162826023,3164565215":{"wishList":false,"warrantyServiceVo":null,"vendorItemId":89463066143,"vendor":null,"used":false,"topSellingInfo":null,"supplier":null,"subscribeInfo":null,"stickBanners":null,"soldOut":false,"shippingConsolidationLink":null,"sellingInfoVo":null,"ruleBasedTitle":null,"roleCode":null,"rocketLuxuryDisclaimer":null,"retail":true,"restockNotification":false,"quantityBase":[{"wowOnlyInstantDiscountRate":0,"subscriptionPriceList":[],"subscriptionPrice":null,"subscriptionDiscountRate":-1,"subscriptionDelivery":null,"shippingFeeList":[{"titleIcon":null,"title":null,"shippingFeeType":"ROCKET","shippingFeeIcon":null,"shippingFee":null,"returnFeeMessage":null,"popupFreeShippingConditionMessage":null,"message":"\u003Cem class=\u0027prod-txt-bold\u0027\u003E로켓배송 상품 19,800원 이상 무료배송\u003C/em\u003E","freeShippingConditionMessage":null,"extremeMessage":null,"dividerIcon":null},{"titleIcon":null,"title":null,"shippingFeeType":"FREE","shippingFeeIcon":null,"shippingFee":null,"returnFeeMessage":null,"popupFreeShippingConditionMessage":null,"message":"\u003Cem class=\u0027prod-txt-bold\u0027\u003E무료배송 + 무료반품\u003C/em\u003E\u003Cem class=\u0027separator\u0027\u003E|\u003C/em\u003E\u003Cem class=\u0027icon-tx\u0027\u003E로켓와우 신청시\u003C/em\u003E\u003Cem\u003E\u003Ci class=\u0027rocket-falcon-icon question-mark-rocket-plus\u0027\u003E\u003C/i\u003E\u003C/em\u003E","freeShippingConditionMessage":null,"extremeMessage":null,"dividerIcon":null}],"shippingFee":{"titleIcon":null,"title":null,"shippingFeeType":"ROCKET","shippingFeeIcon":null,"shippingFee":"2,500","returnFeeMessage":null,"popupFreeShippingConditionMessage":null,"message":"\u003Cem class=\u0027prod-txt-bold\u0027\u003E무료배송\u003C/em\u003E\u003Cem class=\u0027prod-txt-black\u0027\u003E (로켓배송 상품 19,800원 이상 구매 시)\u003C/em\u003E","freeShippingConditionMessage":null,"extremeMessage":null,"dividerIcon":null},"shipmentDisplayType":"SHIPPING_FEE_NUDGE","selectedIndex":0,"quantityLimitationVO":null,"quantity":1,"priceUnit":"원","priceList":[{"wowCouponDiscount":false,"unitPrice":"10g당 265원","unitDiscountRate":null,"type":"SALES","title":"쿠팡판매가","saleUnitPrice":null,"salePriceTitle":null,"salePrice":null,"priceAmount":"13,050","originalPriceDesc":null,"originPrice":null,"loyaltyRegistrationUrl":null,"loyaltyButtonText":null,"instantPriceType":null,"instantDiscount":null,"i18nSalePrice":null,"i18nPriceAmount":{"rawAmount":null,"fractionDigits":0,"currency":"KRW","amount":"13050"},"i18nOriginPrice":null,"i18nCouponPrice":null,"i18nCouponDiscountAmount":null,"hasWowInstantDiscount":false,"hasWowCouponDiscount":false,"hasNormalInstantDiscount":false,"hasNormalCouponDiscount":false,"gppuPricePolicy":null,"finalPrice":null,"discountRate":null,"description":null,"couponUnitPrice":null,"couponPriceTitle":null,"couponPrice":null,"couponDiscountAmount":null,"cashPromotionMessage":null}],"price":{"wowCouponDiscount":false,"unitPrice":null,"unitDiscountRate":null,"type":null,"title":null,"saleUnitPrice":"10g당 265원","salePriceTitle":"","salePrice":"13,050","priceAmount":null,"originalPriceDesc":null,"originPrice":"14,340","loyaltyRegistrationUrl":null,"loyaltyButtonText":null,"instantPriceType":null,"instantDiscount":false,"i18nSalePrice":{"rawAmount":null,"fractionDigits":0,"currency":"KRW","amount":"13050"},"i18nPriceAmount":null,"i18nOriginPrice":{"rawAmount":null,"fractionDigits":0,"currency":"KRW","amount":"14340"},"i18nCouponPrice":{"rawAmount":null,"fractionDigits":0,"currency":"KRW","amount":"13050"},"i18nCouponDiscountAmount":null,"hasWowInstantDiscount":false,"hasWowCouponDiscount":false,"hasNormalInstantDiscount":false,"hasNormalCouponDiscount":false,"gppuPricePolicy":[{"priceInfo":"\u003Cspan class=\u0027discount-rate\u0027\u003E8%\u003C/span\u003E\u003Cspan class=\u0027origin-price\u0027\u003E14,340원\u003C/span\u003E","description":"업체의 권장소비자가 또는 공식 판매처 판매가 또는 도서 정가(도서 정가제 대상인 경우)입니다. 해당 가격이 없는 경우 90일 내 쿠팡에서 판매된 가격 중 가장 높은 가격을 표시합니다."}],"finalPrice":"13,050","discountRate":"8","description":null,"couponUnitPrice":"10g당 265원","couponPriceTitle":"","couponPrice":"13,050","couponDiscountAmount":null,"cashPromotionMessage":null},"moduleData":null,"freebieBenefit":null,"deliveryList":[{"type":"ROCKET_DELIVERY","title":null,"speedType":null,"rocketWowQuestionMark":false,"loyaltyButtonText":null,"logistics":true,"hideQuestionMark":false,"extremeDescriptions":null,"descriptions":"\u003Cem class=\u0027prod-txt-onyx prod-txt-green-normal\u0027\u003E내일(일) 11/10\u003C/em\u003E\u003Cem class=\u0027prod-txt-onyx prod-txt-green-normal\u0027\u003E 도착 보장\u003C/em\u003E","descriptionIcon":null,"descriptionBadge":null,"deliveryReminderMessage":null,"deliveryNotice":null,"deliveryExtraInfo":null,"delayMessage":null,"countDownMillisecond":null,"countDownMessage":null,"companyLabel":null,"company":null,"badgeUrl":"https://image6.coupangcdn.com/image/cmg/icon/ios/logo_rocket_large@3x.png"},{"type":"ROCKET_DELIVERY","title":null,"speedType":null,"rocketWowQuestionMark":false,"loyaltyButtonText":null,"logistics":true,"hideQuestionMark":false,"extremeDescriptions":null,"descriptions":"\u003Cem class=\u0027prod-txt-onyx prod-txt-green-normal\u0027\u003E내일(일) 11/10\u003C/em\u003E\u003Cem class=\u0027prod-txt-onyx prod-txt-green-normal\u0027\u003E 도착 보장\u003C/em\u003E","descriptionIcon":null,"descriptionBadge":null,"deliveryReminderMessage":null,"deliveryNotice":null,"deliveryExtraInfo":null,"delayMessage":null,"countDownMillisecond":null,"countDownMessage":null,"companyLabel":null,"company":null,"badgeUrl":"https://image6.coupangcdn.com/image/cmg/icon/ios/logo_rocket_large@3x.png"}],"delivery":{"type":"ROCKET_DELIVERY","title":null,"speedType":null,"rocketWowQuestionMark":false,"loyaltyButtonText":null,"logistics":true,"hideQuestionMark":false,"extremeDescriptions":null,"descriptions":"\u003Cem class=\u0027prod-txt-onyx prod-txt-green-normal\u0027\u003E내일(일) 11/10\u003C/em\u003E\u003Cem class=\u0027prod-txt-onyx prod-txt-green-normal\u0027\u003E 도착 보장\u003C/em\u003E","descriptionIcon":null,"descriptionBadge":null,"deliveryReminderMessage":null,"deliveryNotice":null,"deliveryExtraInfo":null,"delayMessage":null,"countDownMillisecond":null,"countDownMessage":null,"companyLabel":null,"company":null,"badgeUrl":"https://image6.coupangcdn.com/image/cmg/icon/ios/logo_rocket_large@3x.png"},"cashBackSummary":null,"bundleOption":null,"benefitDisplayType":null,"appliedCoupon":null,"abFlags":{"applyExtremeProminenceFreeDeliveryMessages":"A","jikgu1PWarrantyAB":"NOT_APPLICABLE"}}],"preOrderVo":null,"otherSellerCount":null,"offerDescription":null,"offerBanner":null,"memberInfo":null,"luxuryDiscountBenefit":null,"linkedVendorItemInfo":null,"limitNoticeVo":null,"itemName":"해태제과 홈런볼 소금 우유, 41g, 12개","itemId":22418305583,"inventory":null,"invalid":false,"images":[{"thumbnailImage":"//thumbnail8.coupangcdn.com/thumbnails/remote/48x48ex/image/retail/images/d28128a4-5692-47ec-8370-35e839e26cd65095836669349866896.png","preloadImage":"//thumbnail8.coupangcdn.com/thumbnails/remote/230x230ex/image/retail/images/d28128a4-5692-47ec-8370-35e839e26cd65095836669349866896.png","origin":"//image8.coupangcdn.com/image/retail/images/d28128a4-5692-47ec-8370-35e839e26cd65095836669349866896.png","detailImage":"//thumbnail8.coupangcdn.com/thumbnails/remote/1500x1500ex/image/retail/images/d28128a4-5692-47ec-8370-35e839e26cd65095836669349866896.png"},{"thumbnailImage":"//thumbnail7.coupangcdn.com/thumbnails/remote/48x48ex/image/retail/images/2024/04/10/15/6/fcb0b460-bd44-4d29-aa72-aa57cd47f66e.png","preloadImage":"//thumbnail7.coupangcdn.com/thumbnails/remote/230x230ex/image/retail/images/2024/04/10/15/6/fcb0b460-bd44-4d29-aa72-aa57cd47f66e.png","origin":"//image7.coupangcdn.com/image/retail/images/2024/04/10/15/6/fcb0b460-bd44-4d29-aa72-aa57cd47f66e.png","detailImage":"//thumbnail7.coupangcdn.com/thumbnails/remote/1500x1500ex/image/retail/images/2024/04/10/15/6/fcb0b460-bd44-4d29-aa72-aa57cd47f66e.png"},{"thumbnailImage":"//thumbnail7.coupangcdn.com/thumbnails/remote/48x48ex/image/retail/images/2024/04/10/15/2/d497cfde-b0ff-417a-8aa3-697238158fa4.png","preloadImage":"//thumbnail7.coupangcdn.com/thumbnails/remote/230x230ex/image/retail/images/2024/04/10/15/2/d497cfde-b0ff-417a-8aa3-697238158fa4.png","origin":"//image7.coupangcdn.com/image/retail/images/2024/04/10/15/2/d497cfde-b0ff-417a-8aa3-697238158fa4.png","detailImage":"//thumbnail7.coupangcdn.com/thumbnails/remote/1500x1500ex/image/retail/images/2024/04/10/15/2/d497cfde-b0ff-417a-8aa3-697238158fa4.png"},{"thumbnailImage":"//thumbnail9.coupangcdn.com/thumbnails/remote/48x48ex/image/retail/images/2024/04/10/15/3/4c628f66-e6d2-4639-b0d0-e57d5047efd5.png","preloadImage":"//thumbnail9.coupangcdn.com/thumbnails/remote/230x230ex/image/retail/images/2024/04/10/15/3/4c628f66-e6d2-4639-b0d0-e57d5047efd5.png","origin":"//image9.coupangcdn.com/image/retail/images/2024/04/10/15/3/4c628f66-e6d2-4639-b0d0-e57d5047efd5.png","detailImage":"//thumbnail9.coupangcdn.com/thumbnails/remote/1500x1500ex/image/retail/images/2024/04/10/15/3/4c628f66-e6d2-4639-b0d0-e57d5047efd5.png"},{"thumbnailImage":"//thumbnail8.coupangcdn.com/thumbnails/remote/48x48ex/image/retail/images/2024/04/10/15/5/125934e4-004b-43f2-ae73-0829e277ee19.png","preloadImage":"//thumbnail8.coupangcdn.com/thumbnails/remote/230x230ex/image/retail/images/2024/04/10/15/5/125934e4-004b-43f2-ae73-0829e277ee19.png","origin":"//image8.coupangcdn.com/image/retail/images/2024/04/10/15/5/125934e4-004b-43f2-ae73-0829e277ee19.png","detailImage":"//thumbnail8.coupangcdn.com/thumbnails/remote/1500x1500ex/image/retail/images/2024/04/10/15/5/125934e4-004b-43f2-ae73-0829e277ee19.png"}],"goldFish":false,"giftcard":false,"freshEligible":false,"easePayment":null,"discountBenefitDescriptionList":null,"discountBenefitDescription":null,"deliveryAttribute":false,"dawnOnly":false,"couponList":null,"ccidInfo":null,"ccidEligible":false,"cashBackSummary":null,"buyableQuantity":10,"bundleOption":null,"blockInfo":null,"bizBadge":null,"badgeMap":{},"authors":null,"attributeTitle":null,"apiUrlMap":{"addToCartUrl":"coupang://addCart?itemId=22418305583\u0026productId=8009070810\u0026vendorItemId=89463066143\u0026sourceType=offerDetail\u0026price=13050\u0026sdpVisitKey=\u0026isLoser=false\u0026offerStatus=NEW","shippingConsolidationUrl":null},"almostSoldOut":false},"3558240155,1626146053":{"wishList":false,"warrantyServiceVo":null,"vendorItemId":89477692388,"vendor":null,"used":false,"topSellingInfo":null,"supplier":null,"subscribeInfo":null,"stickBanners":null,"soldOut":false,"shippingConsolidationLink":null,"sellingInfoVo":null,"ruleBasedTitle":null,"roleCode":null,"rocketLuxuryDisclaimer":null,"retail":false,"restockNotification":false,"quantityBase":[{"wowOnlyInstantDiscountRate":0,"subscriptionPriceList":[],"subscriptionPrice":null,"subscriptionDiscountRate":-1,"subscriptionDelivery":null,"shippingFeeList":[{"titleIcon":null,"title":null,"shippingFeeType":"FREE","shippingFeeIcon":null,"shippingFee":null,"returnFeeMessage":null,"popupFreeShippingConditionMessage":null,"message":"\u003Cem class=\u0027prod-txt-bold\u0027\u003E무료배송\u003C/em\u003E","freeShippingConditionMessage":null,"extremeMessage":null,"dividerIcon":null}],"shippingFee":{"titleIcon":null,"title":null,"shippingFeeType":"FREE","shippingFeeIcon":null,"shippingFee":"0","returnFeeMessage":null,"popupFreeShippingConditionMessage":null,"message":"\u003Cem class=\u0027prod-txt-bold\u0027\u003E무료배송\u003C/em\u003E","freeShippingConditionMessage":null,"extremeMessage":null,"dividerIcon":null},"shipmentDisplayType":"NORMAL","selectedIndex":0,"quantityLimitationVO":null,"quantity":1,"priceUnit":"원","priceList":[{"wowCouponDiscount":false,"unitPrice":"10g당 325원","unitDiscountRate":null,"type":"SALES","title":"쿠팡판매가","saleUnitPrice":null,"salePriceTitle":null,"salePrice":null,"priceAmount":"15,970","originalPriceDesc":null,"originPrice":null,"loyaltyRegistrationUrl":null,"loyaltyButtonText":null,"instantPriceType":null,"instantDiscount":null,"i18nSalePrice":null,"i18nPriceAmount":{"rawAmount":null,"fractionDigits":0,"currency":"KRW","amount":"15970"},"i18nOriginPrice":null,"i18nCouponPrice":null,"i18nCouponDiscountAmount":null,"hasWowInstantDiscount":false,"hasWowCouponDiscount":false,"hasNormalInstantDiscount":false,"hasNormalCouponDiscount":false,"gppuPricePolicy":null,"finalPrice":null,"discountRate":null,"description":null,"couponUnitPrice":null,"couponPriceTitle":null,"couponPrice":null,"couponDiscountAmount":null,"cashPromotionMessage":null}],"price":{"wowCouponDiscount":false,"unitPrice":null,"unitDiscountRate":null,"type":null,"title":null,"saleUnitPrice":"10g당 325원","salePriceTitle":"","salePrice":"15,970","priceAmount":null,"originalPriceDesc":"","originPrice":null,"loyaltyRegistrationUrl":null,"loyaltyButtonText":null,"instantPriceType":null,"instantDiscount":false,"i18nSalePrice":{"rawAmount":null,"fractionDigits":0,"currency":"KRW","amount":"15970"},"i18nPriceAmount":null,"i18nOriginPrice":null,"i18nCouponPrice":{"rawAmount":null,"fractionDigits":0,"currency":"KRW","amount":"15970"},"i18nCouponDiscountAmount":null,"hasWowInstantDiscount":false,"hasWowCouponDiscount":false,"hasNormalInstantDiscount":false,"hasNormalCouponDiscount":false,"gppuPricePolicy":null,"finalPrice":"15,970","discountRate":null,"description":null,"couponUnitPrice":"10g당 325원","couponPriceTitle":"","couponPrice":"15,970","couponDiscountAmount":null,"cashPromotionMessage":null},"moduleData":null,"freebieBenefit":null,"deliveryList":[{"type":"VENDOR_DELIVERY","title":null,"speedType":null,"rocketWowQuestionMark":false,"loyaltyButtonText":null,"logistics":false,"hideQuestionMark":false,"extremeDescriptions":null,"descriptions":"\u003Cem class=\u0027prod-txt-onyx prod-txt-font-14\u0027\u003E수요일 11/13\u003C/em\u003E\u003Cem class=\u0027prod-txt-onyx\u0027\u003E 도착 예정 (판매자배송)\u003C/em\u003E","descriptionIcon":null,"descriptionBadge":null,"deliveryReminderMessage":null,"deliveryNotice":null,"deliveryExtraInfo":null,"delayMessage":null,"countDownMillisecond":null,"countDownMessage":null,"companyLabel":null,"company":null,"badgeUrl":null}],"delivery":{"type":"VENDOR_DELIVERY","title":null,"speedType":null,"rocketWowQuestionMark":false,"loyaltyButtonText":null,"logistics":false,"hideQuestionMark":false,"extremeDescriptions":null,"descriptions":"\u003Cem class=\u0027prod-txt-onyx prod-txt-font-14\u0027\u003E수요일 11/13\u003C/em\u003E\u003Cem class=\u0027prod-txt-onyx\u0027\u003E 도착 예정 (판매자배송)\u003C/em\u003E","descriptionIcon":null,"descriptionBadge":null,"deliveryReminderMessage":null,"deliveryNotice":null,"deliveryExtraInfo":null,"delayMessage":null,"countDownMillisecond":null,"countDownMessage":null,"companyLabel":null,"company":null,"badgeUrl":null},"cashBackSummary":null,"bundleOption":null,"benefitDisplayType":null,"appliedCoupon":null,"abFlags":{"applyExtremeProminenceFreeDeliveryMessages":"A","jikgu1PWarrantyAB":"NOT_APPLICABLE"}}],"preOrderVo":null,"otherSellerCount":null,"offerDescription":null,"offerBanner":null,"memberInfo":null,"luxuryDiscountBenefit":null,"linkedVendorItemInfo":null,"limitNoticeVo":null,"itemName":"해태 홈런볼 소금우유 (+물티슈10매증정), 164g, 3개","itemId":22433069360,"inventory":null,"invalid":false,"images":[{"thumbnailImage":"//thumbnail6.coupangcdn.com/thumbnails/remote/48x48ex/image/vendor_inventory/1544/75cd00392db338ccae3a30c914b014dd7c59a6eb0ce13aaa0f37d2f096de.jpg","preloadImage":"//thumbnail6.coupangcdn.com/thumbnails/remote/230x230ex/image/vendor_inventory/1544/75cd00392db338ccae3a30c914b014dd7c59a6eb0ce13aaa0f37d2f096de.jpg","origin":"//image6.coupangcdn.com/image/vendor_inventory/1544/75cd00392db338ccae3a30c914b014dd7c59a6eb0ce13aaa0f37d2f096de.jpg","detailImage":"//thumbnail6.coupangcdn.com/thumbnails/remote/1500x1500ex/image/vendor_inventory/1544/75cd00392db338ccae3a30c914b014dd7c59a6eb0ce13aaa0f37d2f096de.jpg"}],"goldFish":false,"giftcard":false,"freshEligible":false,"easePayment":null,"discountBenefitDescriptionList":null,"discountBenefitDescription":null,"deliveryAttribute":false,"dawnOnly":false,"couponList":null,"ccidInfo":null,"ccidEligible":false,"cashBackSummary":null,"buyableQuantity":50,"bundleOption":null,"blockInfo":null,"bizBadge":null,"badgeMap":{},"authors":null,"attributeTitle":null,"apiUrlMap":{"addToCartUrl":"coupang://addCart?itemId=22433069360\u0026productId=8009070810\u0026vendorItemId=89477692388\u0026sourceType=offerDetail\u0026price=15970\u0026sdpVisitKey=\u0026isLoser=false\u0026offerStatus=NEW","shippingConsolidationUrl":null},"almostSoldOut":false},"3558240155,1626146115":{"wishList":false,"warrantyServiceVo":null,"vendorItemId":89477692442,"vendor":null,"used":false,"topSellingInfo":null,"supplier":null,"subscribeInfo":null,"stickBanners":null,"soldOut":false,"shippingConsolidationLink":null,"sellingInfoVo":null,"ruleBasedTitle":null,"roleCode":null,"rocketLuxuryDisclaimer":null,"retail":false,"restockNotification":false,"quantityBase":[{"wowOnlyInstantDiscountRate":0,"subscriptionPriceList":[],"subscriptionPrice":null,"subscriptionDiscountRate":-1,"subscriptionDelivery":null,"shippingFeeList":[{"titleIcon":null,"title":null,"shippingFeeType":"FREE","shippingFeeIcon":null,"shippingFee":null,"returnFeeMessage":null,"popupFreeShippingConditionMessage":null,"message":"\u003Cem class=\u0027prod-txt-bold\u0027\u003E무료배송\u003C/em\u003E","freeShippingConditionMessage":null,"extremeMessage":null,"dividerIcon":null}],"shippingFee":{"titleIcon":null,"title":null,"shippingFeeType":"FREE","shippingFeeIcon":null,"shippingFee":"0","returnFeeMessage":null,"popupFreeShippingConditionMessage":null,"message":"\u003Cem class=\u0027prod-txt-bold\u0027\u003E무료배송\u003C/em\u003E","freeShippingConditionMessage":null,"extremeMessage":null,"dividerIcon":null},"shipmentDisplayType":"NORMAL","selectedIndex":0,"quantityLimitationVO":null,"quantity":1,"priceUnit":"원","priceList":[{"wowCouponDiscount":false,"unitPrice":"10g당 307원","unitDiscountRate":null,"type":"SALES","title":"쿠팡판매가","saleUnitPrice":null,"salePriceTitle":null,"salePrice":null,"priceAmount":"25,200","originalPriceDesc":null,"originPrice":null,"loyaltyRegistrationUrl":null,"loyaltyButtonText":null,"instantPriceType":null,"instantDiscount":null,"i18nSalePrice":null,"i18nPriceAmount":{"rawAmount":null,"fractionDigits":0,"currency":"KRW","amount":"25200"},"i18nOriginPrice":null,"i18nCouponPrice":null,"i18nCouponDiscountAmount":null,"hasWowInstantDiscount":false,"hasWowCouponDiscount":false,"hasNormalInstantDiscount":false,"hasNormalCouponDiscount":false,"gppuPricePolicy":null,"finalPrice":null,"discountRate":null,"description":null,"couponUnitPrice":null,"couponPriceTitle":null,"couponPrice":null,"couponDiscountAmount":null,"cashPromotionMessage":null}],"price":{"wowCouponDiscount":false,"unitPrice":null,"unitDiscountRate":null,"type":null,"title":null,"saleUnitPrice":"10g당 307원","salePriceTitle":"","salePrice":"25,200","priceAmount":null,"originalPriceDesc":"","originPrice":null,"loyaltyRegistrationUrl":null,"loyaltyButtonText":null,"instantPriceType":null,"instantDiscount":false,"i18nSalePrice":{"rawAmount":null,"fractionDigits":0,"currency":"KRW","amount":"25200"},"i18nPriceAmount":null,"i18nOriginPrice":null,"i18nCouponPrice":{"rawAmount":null,"fractionDigits":0,"currency":"KRW","amount":"25200"},"i18nCouponDiscountAmount":null,"hasWowInstantDiscount":false,"hasWowCouponDiscount":false,"hasNormalInstantDiscount":false,"hasNormalCouponDiscount":false,"gppuPricePolicy":null,"finalPrice":"25,200","discountRate":null,"description":null,"couponUnitPrice":"10g당 307원","couponPriceTitle":"","couponPrice":"25,200","couponDiscountAmount":null,"cashPromotionMessage":null},"moduleData":null,"freebieBenefit":null,"deliveryList":[{"type":"VENDOR_DELIVERY","title":null,"speedType":null,"rocketWowQuestionMark":false,"loyaltyButtonText":null,"logistics":false,"hideQuestionMark":false,"extremeDescriptions":null,"descriptions":"\u003Cem class=\u0027prod-txt-onyx prod-txt-font-14\u0027\u003E수요일 11/13\u003C/em\u003E\u003Cem class=\u0027prod-txt-onyx\u0027\u003E 도착 예정 (판매자배송)\u003C/em\u003E","descriptionIcon":null,"descriptionBadge":null,"deliveryReminderMessage":null,"deliveryNotice":null,"deliveryExtraInfo":null,"delayMessage":null,"countDownMillisecond":null,"countDownMessage":null,"companyLabel":null,"company":null,"badgeUrl":null}],"delivery":{"type":"VENDOR_DELIVERY","title":null,"speedType":null,"rocketWowQuestionMark":false,"loyaltyButtonText":null,"logistics":false,"hideQuestionMark":false,"extremeDescriptions":null,"descriptions":"\u003Cem class=\u0027prod-txt-onyx prod-txt-font-14\u0027\u003E수요일 11/13\u003C/em\u003E\u003Cem class=\u0027prod-txt-onyx\u0027\u003E 도착 예정 (판매자배송)\u003C/em\u003E","descriptionIcon":null,"descriptionBadge":null,"deliveryReminderMessage":null,"deliveryNotice":null,"deliveryExtraInfo":null,"delayMessage":null,"countDownMillisecond":null,"countDownMessage":null,"companyLabel":null,"company":null,"badgeUrl":null},"cashBackSummary":null,"bundleOption":null,"benefitDisplayType":null,"appliedCoupon":null,"abFlags":{"applyExtremeProminenceFreeDeliveryMessages":"A","jikgu1PWarrantyAB":"NOT_APPLICABLE"}}],"preOrderVo":null,"otherSellerCount":null,"offerDescription":null,"offerBanner":null,"memberInfo":null,"luxuryDiscountBenefit":null,"linkedVendorItemInfo":null,"limitNoticeVo":null,"itemName":"해태 홈런볼 소금우유 (+물티슈10매증정), 164g, 5개","itemId":22433069375,"inventory":null,"invalid":false,"images":[{"thumbnailImage":"//thumbnail6.coupangcdn.com/thumbnails/remote/48x48ex/image/vendor_inventory/ac29/343cf3a1b6ca93a98c79ec68ea19daa71a26b4dbc83816719d220f855097.jpg","preloadImage":"//thumbnail6.coupangcdn.com/thumbnails/remote/230x230ex/image/vendor_inventory/ac29/343cf3a1b6ca93a98c79ec68ea19daa71a26b4dbc83816719d220f855097.jpg","origin":"//image6.coupangcdn.com/image/vendor_inventory/ac29/343cf3a1b6ca93a98c79ec68ea19daa71a26b4dbc83816719d220f855097.jpg","detailImage":"//thumbnail6.coupangcdn.com/thumbnails/remote/1500x1500ex/image/vendor_inventory/ac29/343cf3a1b6ca93a98c79ec68ea19daa71a26b4dbc83816719d220f855097.jpg"}],"goldFish":false,"giftcard":false,"freshEligible":false,"easePayment":null,"discountBenefitDescriptionList":null,"discountBenefitDescription":null,"deliveryAttribute":false,"dawnOnly":false,"couponList":null,"ccidInfo":null,"ccidEligible":false,"cashBackSummary":null,"buyableQuantity":50,"bundleOption":null,"blockInfo":null,"bizBadge":null,"badgeMap":{},"authors":null,"attributeTitle":null,"apiUrlMap":{"addToCartUrl":"coupang://addCart?itemId=22433069375\u0026productId=8009070810\u0026vendorItemId=89477692442\u0026sourceType=offerDetail\u0026price=25200\u0026sdpVisitKey=\u0026isLoser=false\u0026offerStatus=NEW","shippingConsolidationUrl":null},"almostSoldOut":false},"3162826023,3164565339":{"wishList":false,"warrantyServiceVo":null,"vendorItemId":89463066217,"vendor":null,"used":false,"topSellingInfo":null,"supplier":null,"subscribeInfo":null,"stickBanners":null,"soldOut":false,"shippingConsolidationLink":null,"sellingInfoVo":null,"ruleBasedTitle":null,"roleCode":null,"rocketLuxuryDisclaimer":null,"retail":true,"restockNotification":false,"quantityBase":[{"wowOnlyInstantDiscountRate":0,"subscriptionPriceList":[],"subscriptionPrice":null,"subscriptionDiscountRate":-1,"subscriptionDelivery":null,"shippingFeeList":[{"titleIcon":null,"title":null,"shippingFeeType":"ROCKET","shippingFeeIcon":null,"shippingFee":null,"returnFeeMessage":null,"popupFreeShippingConditionMessage":null,"message":"\u003Cem class=\u0027prod-txt-bold\u0027\u003E로켓배송 상품 19,800원 이상 무료배송\u003C/em\u003E","freeShippingConditionMessage":null,"extremeMessage":null,"dividerIcon":null},{"titleIcon":null,"title":null,"shippingFeeType":"FREE","shippingFeeIcon":null,"shippingFee":null,"returnFeeMessage":null,"popupFreeShippingConditionMessage":null,"message":"\u003Cem class=\u0027prod-txt-bold\u0027\u003E무료배송 + 무료반품\u003C/em\u003E\u003Cem class=\u0027separator\u0027\u003E|\u003C/em\u003E\u003Cem class=\u0027icon-tx\u0027\u003E로켓와우 신청시\u003C/em\u003E\u003Cem\u003E\u003Ci class=\u0027rocket-falcon-icon question-mark-rocket-plus\u0027\u003E\u003C/i\u003E\u003C/em\u003E","freeShippingConditionMessage":null,"extremeMessage":null,"dividerIcon":null}],"shippingFee":{"titleIcon":null,"title":null,"shippingFeeType":"ROCKET","shippingFeeIcon":null,"shippingFee":"2,500","returnFeeMessage":null,"popupFreeShippingConditionMessage":null,"message":"\u003Cem class=\u0027prod-txt-bold\u0027\u003E무료배송\u003C/em\u003E\u003Cem class=\u0027prod-txt-black\u0027\u003E (로켓배송 상품 19,800원 이상 구매 시)\u003C/em\u003E","freeShippingConditionMessage":null,"extremeMessage":null,"dividerIcon":null},"shipmentDisplayType":"SHIPPING_FEE_NUDGE","selectedIndex":0,"quantityLimitationVO":null,"quantity":1,"priceUnit":"원","priceList":[{"wowCouponDiscount":false,"unitPrice":"10g당 259원","unitDiscountRate":null,"type":"SALES","title":"쿠팡판매가","saleUnitPrice":null,"salePriceTitle":null,"salePrice":null,"priceAmount":"16,960","originalPriceDesc":null,"originPrice":null,"loyaltyRegistrationUrl":null,"loyaltyButtonText":null,"instantPriceType":null,"instantDiscount":null,"i18nSalePrice":null,"i18nPriceAmount":{"rawAmount":null,"fractionDigits":0,"currency":"KRW","amount":"16960"},"i18nOriginPrice":null,"i18nCouponPrice":null,"i18nCouponDiscountAmount":null,"hasWowInstantDiscount":false,"hasWowCouponDiscount":false,"hasNormalInstantDiscount":false,"hasNormalCouponDiscount":false,"gppuPricePolicy":null,"finalPrice":null,"discountRate":null,"description":null,"couponUnitPrice":null,"couponPriceTitle":null,"couponPrice":null,"couponDiscountAmount":null,"cashPromotionMessage":null}],"price":{"wowCouponDiscount":false,"unitPrice":null,"unitDiscountRate":null,"type":null,"title":null,"saleUnitPrice":"10g당 259원","salePriceTitle":"","salePrice":"16,960","priceAmount":null,"originalPriceDesc":null,"originPrice":"18,500","loyaltyRegistrationUrl":null,"loyaltyButtonText":null,"instantPriceType":null,"instantDiscount":false,"i18nSalePrice":{"rawAmount":null,"fractionDigits":0,"currency":"KRW","amount":"16960"},"i18nPriceAmount":null,"i18nOriginPrice":{"rawAmount":null,"fractionDigits":0,"currency":"KRW","amount":"18500"},"i18nCouponPrice":{"rawAmount":null,"fractionDigits":0,"currency":"KRW","amount":"16960"},"i18nCouponDiscountAmount":null,"hasWowInstantDiscount":false,"hasWowCouponDiscount":false,"hasNormalInstantDiscount":false,"hasNormalCouponDiscount":false,"gppuPricePolicy":[{"priceInfo":"\u003Cspan class=\u0027discount-rate\u0027\u003E8%\u003C/span\u003E\u003Cspan class=\u0027origin-price\u0027\u003E18,500원\u003C/span\u003E","description":"업체의 권장소비자가 또는 공식 판매처 판매가 또는 도서 정가(도서 정가제 대상인 경우)입니다. 해당 가격이 없는 경우 90일 내 쿠팡에서 판매된 가격 중 가장 높은 가격을 표시합니다."}],"finalPrice":"16,960","discountRate":"8","description":null,"couponUnitPrice":"10g당 259원","couponPriceTitle":"","couponPrice":"16,960","couponDiscountAmount":null,"cashPromotionMessage":null},"moduleData":null,"freebieBenefit":null,"deliveryList":[{"type":"ROCKET_DELIVERY","title":null,"speedType":null,"rocketWowQuestionMark":false,"loyaltyButtonText":null,"logistics":true,"hideQuestionMark":false,"extremeDescriptions":null,"descriptions":"\u003Cem class=\u0027prod-txt-onyx prod-txt-green-normal\u0027\u003E내일(일) 11/10\u003C/em\u003E\u003Cem class=\u0027prod-txt-onyx prod-txt-green-normal\u0027\u003E 도착 보장\u003C/em\u003E","descriptionIcon":null,"descriptionBadge":null,"deliveryReminderMessage":null,"deliveryNotice":null,"deliveryExtraInfo":null,"delayMessage":null,"countDownMillisecond":null,"countDownMessage":null,"companyLabel":null,"company":null,"badgeUrl":"https://image6.coupangcdn.com/image/cmg/icon/ios/logo_rocket_large@3x.png"},{"type":"ROCKET_DELIVERY","title":null,"speedType":null,"rocketWowQuestionMark":false,"loyaltyButtonText":null,"logistics":true,"hideQuestionMark":false,"extremeDescriptions":null,"descriptions":"\u003Cem class=\u0027prod-txt-onyx prod-txt-green-normal\u0027\u003E내일(일) 11/10\u003C/em\u003E\u003Cem class=\u0027prod-txt-onyx prod-txt-green-normal\u0027\u003E 도착 보장\u003C/em\u003E","descriptionIcon":null,"descriptionBadge":null,"deliveryReminderMessage":null,"deliveryNotice":null,"deliveryExtraInfo":null,"delayMessage":null,"countDownMillisecond":null,"countDownMessage":null,"companyLabel":null,"company":null,"badgeUrl":"https://image6.coupangcdn.com/image/cmg/icon/ios/logo_rocket_large@3x.png"}],"delivery":{"type":"ROCKET_DELIVERY","title":null,"speedType":null,"rocketWowQuestionMark":false,"loyaltyButtonText":null,"logistics":true,"hideQuestionMark":false,"extremeDescriptions":null,"descriptions":"\u003Cem class=\u0027prod-txt-onyx prod-txt-green-normal\u0027\u003E내일(일) 11/10\u003C/em\u003E\u003Cem class=\u0027prod-txt-onyx prod-txt-green-normal\u0027\u003E 도착 보장\u003C/em\u003E","descriptionIcon":null,"descriptionBadge":null,"deliveryReminderMessage":null,"deliveryNotice":null,"deliveryExtraInfo":null,"delayMessage":null,"countDownMillisecond":null,"countDownMessage":null,"companyLabel":null,"company":null,"badgeUrl":"https://image6.coupangcdn.com/image/cmg/icon/ios/logo_rocket_large@3x.png"},"cashBackSummary":null,"bundleOption":null,"benefitDisplayType":null,"appliedCoupon":null,"abFlags":{"applyExtremeProminenceFreeDeliveryMessages":"A","jikgu1PWarrantyAB":"NOT_APPLICABLE"}}],"preOrderVo":null,"otherSellerCount":null,"offerDescription":null,"offerBanner":null,"memberInfo":null,"luxuryDiscountBenefit":null,"linkedVendorItemInfo":null,"limitNoticeVo":null,"itemName":"해태제과 홈런볼 소금 우유, 41g, 16개","itemId":22418305669,"inventory":null,"invalid":false,"images":[{"thumbnailImage":"//thumbnail7.coupangcdn.com/thumbnails/remote/48x48ex/image/retail/images/fd170c51-0699-4873-856e-e5bc73ab7f871099285492963579520.png","preloadImage":"//thumbnail7.coupangcdn.com/thumbnails/remote/230x230ex/image/retail/images/fd170c51-0699-4873-856e-e5bc73ab7f871099285492963579520.png","origin":"//image7.coupangcdn.com/image/retail/images/fd170c51-0699-4873-856e-e5bc73ab7f871099285492963579520.png","detailImage":"//thumbnail7.coupangcdn.com/thumbnails/remote/1500x1500ex/image/retail/images/fd170c51-0699-4873-856e-e5bc73ab7f871099285492963579520.png"},{"thumbnailImage":"//thumbnail7.coupangcdn.com/thumbnails/remote/48x48ex/image/retail/images/2024/04/10/15/2/d497cfde-b0ff-417a-8aa3-697238158fa4.png","preloadImage":"//thumbnail7.coupangcdn.com/thumbnails/remote/230x230ex/image/retail/images/2024/04/10/15/2/d497cfde-b0ff-417a-8aa3-697238158fa4.png","origin":"//image7.coupangcdn.com/image/retail/images/2024/04/10/15/2/d497cfde-b0ff-417a-8aa3-697238158fa4.png","detailImage":"//thumbnail7.coupangcdn.com/thumbnails/remote/1500x1500ex/image/retail/images/2024/04/10/15/2/d497cfde-b0ff-417a-8aa3-697238158fa4.png"},{"thumbnailImage":"//thumbnail7.coupangcdn.com/thumbnails/remote/48x48ex/image/retail/images/2024/04/10/15/6/fcb0b460-bd44-4d29-aa72-aa57cd47f66e.png","preloadImage":"//thumbnail7.coupangcdn.com/thumbnails/remote/230x230ex/image/retail/images/2024/04/10/15/6/fcb0b460-bd44-4d29-aa72-aa57cd47f66e.png","origin":"//image7.coupangcdn.com/image/retail/images/2024/04/10/15/6/fcb0b460-bd44-4d29-aa72-aa57cd47f66e.png","detailImage":"//thumbnail7.coupangcdn.com/thumbnails/remote/1500x1500ex/image/retail/images/2024/04/10/15/6/fcb0b460-bd44-4d29-aa72-aa57cd47f66e.png"},{"thumbnailImage":"//thumbnail8.coupangcdn.com/thumbnails/remote/48x48ex/image/retail/images/789412017997489-3f54945b-87c6-4003-8582-3a90db6fcaba.png","preloadImage":"//thumbnail8.coupangcdn.com/thumbnails/remote/230x230ex/image/retail/images/789412017997489-3f54945b-87c6-4003-8582-3a90db6fcaba.png","origin":"//image8.coupangcdn.com/image/retail/images/789412017997489-3f54945b-87c6-4003-8582-3a90db6fcaba.png","detailImage":"//thumbnail8.coupangcdn.com/thumbnails/remote/1500x1500ex/image/retail/images/789412017997489-3f54945b-87c6-4003-8582-3a90db6fcaba.png"},{"thumbnailImage":"//thumbnail6.coupangcdn.com/thumbnails/remote/48x48ex/image/retail/images/1562050888129312-a06f1389-be00-44ca-aa44-b3fe46454c8d.png","preloadImage":"//thumbnail6.coupangcdn.com/thumbnails/remote/230x230ex/image/retail/images/1562050888129312-a06f1389-be00-44ca-aa44-b3fe46454c8d.png","origin":"//image6.coupangcdn.com/image/retail/images/1562050888129312-a06f1389-be00-44ca-aa44-b3fe46454c8d.png","detailImage":"//thumbnail6.coupangcdn.com/thumbnails/remote/1500x1500ex/image/retail/images/1562050888129312-a06f1389-be00-44ca-aa44-b3fe46454c8d.png"}],"goldFish":false,"giftcard":false,"freshEligible":false,"easePayment":null,"discountBenefitDescriptionList":null,"discountBenefitDescription":null,"deliveryAttribute":false,"dawnOnly":false,"couponList":null,"ccidInfo":null,"ccidEligible":false,"cashBackSummary":null,"buyableQuantity":10,"bundleOption":null,"blockInfo":null,"bizBadge":null,"badgeMap":{},"authors":null,"attributeTitle":null,"apiUrlMap":{"addToCartUrl":"coupang://addCart?itemId=22418305669\u0026productId=8009070810\u0026vendorItemId=89463066217\u0026sourceType=offerDetail\u0026price=16960\u0026sdpVisitKey=\u0026isLoser=false\u0026offerStatus=NEW","shippingConsolidationUrl":null},"almostSoldOut":false},"3558240155,1626146146":{"wishList":false,"warrantyServiceVo":null,"vendorItemId":89477692434,"vendor":null,"used":false,"topSellingInfo":null,"supplier":null,"subscribeInfo":null,"stickBanners":null,"soldOut":false,"shippingConsolidationLink":null,"sellingInfoVo":null,"ruleBasedTitle":null,"roleCode":null,"rocketLuxuryDisclaimer":null,"retail":false,"restockNotification":false,"quantityBase":[{"wowOnlyInstantDiscountRate":0,"subscriptionPriceList":[],"subscriptionPrice":null,"subscriptionDiscountRate":-1,"subscriptionDelivery":null,"shippingFeeList":[{"titleIcon":null,"title":null,"shippingFeeType":"FREE","shippingFeeIcon":null,"shippingFee":null,"returnFeeMessage":null,"popupFreeShippingConditionMessage":null,"message":"\u003Cem class=\u0027prod-txt-bold\u0027\u003E무료배송\u003C/em\u003E","freeShippingConditionMessage":null,"extremeMessage":null,"dividerIcon":null}],"shippingFee":{"titleIcon":null,"title":null,"shippingFeeType":"FREE","shippingFeeIcon":null,"shippingFee":"0","returnFeeMessage":null,"popupFreeShippingConditionMessage":null,"message":"\u003Cem class=\u0027prod-txt-bold\u0027\u003E무료배송\u003C/em\u003E","freeShippingConditionMessage":null,"extremeMessage":null,"dividerIcon":null},"shipmentDisplayType":"NORMAL","selectedIndex":0,"quantityLimitationVO":null,"quantity":1,"priceUnit":"원","priceList":[{"wowCouponDiscount":false,"unitPrice":"10g당 301원","unitDiscountRate":null,"type":"SALES","title":"쿠팡판매가","saleUnitPrice":null,"salePriceTitle":null,"salePrice":null,"priceAmount":"29,600","originalPriceDesc":null,"originPrice":null,"loyaltyRegistrationUrl":null,"loyaltyButtonText":null,"instantPriceType":null,"instantDiscount":null,"i18nSalePrice":null,"i18nPriceAmount":{"rawAmount":null,"fractionDigits":0,"currency":"KRW","amount":"29600"},"i18nOriginPrice":null,"i18nCouponPrice":null,"i18nCouponDiscountAmount":null,"hasWowInstantDiscount":false,"hasWowCouponDiscount":false,"hasNormalInstantDiscount":false,"hasNormalCouponDiscount":false,"gppuPricePolicy":null,"finalPrice":null,"discountRate":null,"description":null,"couponUnitPrice":null,"couponPriceTitle":null,"couponPrice":null,"couponDiscountAmount":null,"cashPromotionMessage":null}],"price":{"wowCouponDiscount":false,"unitPrice":null,"unitDiscountRate":null,"type":null,"title":null,"saleUnitPrice":"10g당 301원","salePriceTitle":"","salePrice":"29,600","priceAmount":null,"originalPriceDesc":"","originPrice":null,"loyaltyRegistrationUrl":null,"loyaltyButtonText":null,"instantPriceType":null,"instantDiscount":false,"i18nSalePrice":{"rawAmount":null,"fractionDigits":0,"currency":"KRW","amount":"29600"},"i18nPriceAmount":null,"i18nOriginPrice":null,"i18nCouponPrice":{"rawAmount":null,"fractionDigits":0,"currency":"KRW","amount":"29600"},"i18nCouponDiscountAmount":null,"hasWowInstantDiscount":false,"hasWowCouponDiscount":false,"hasNormalInstantDiscount":false,"hasNormalCouponDiscount":false,"gppuPricePolicy":null,"finalPrice":"29,600","discountRate":null,"description":null,"couponUnitPrice":"10g당 301원","couponPriceTitle":"","couponPrice":"29,600","couponDiscountAmount":null,"cashPromotionMessage":null},"moduleData":null,"freebieBenefit":null,"deliveryList":[{"type":"VENDOR_DELIVERY","title":null,"speedType":null,"rocketWowQuestionMark":false,"loyaltyButtonText":null,"logistics":false,"hideQuestionMark":false,"extremeDescriptions":null,"descriptions":"\u003Cem class=\u0027prod-txt-onyx prod-txt-font-14\u0027\u003E수요일 11/13\u003C/em\u003E\u003Cem class=\u0027prod-txt-onyx\u0027\u003E 도착 예정 (판매자배송)\u003C/em\u003E","descriptionIcon":null,"descriptionBadge":null,"deliveryReminderMessage":null,"deliveryNotice":null,"deliveryExtraInfo":null,"delayMessage":null,"countDownMillisecond":null,"countDownMessage":null,"companyLabel":null,"company":null,"badgeUrl":null}],"delivery":{"type":"VENDOR_DELIVERY","title":null,"speedType":null,"rocketWowQuestionMark":false,"loyaltyButtonText":null,"logistics":false,"hideQuestionMark":false,"extremeDescriptions":null,"descriptions":"\u003Cem class=\u0027prod-txt-onyx prod-txt-font-14\u0027\u003E수요일 11/13\u003C/em\u003E\u003Cem class=\u0027prod-txt-onyx\u0027\u003E 도착 예정 (판매자배송)\u003C/em\u003E","descriptionIcon":null,"descriptionBadge":null,"deliveryReminderMessage":null,"deliveryNotice":null,"deliveryExtraInfo":null,"delayMessage":null,"countDownMillisecond":null,"countDownMessage":null,"companyLabel":null,"company":null,"badgeUrl":null},"cashBackSummary":null,"bundleOption":null,"benefitDisplayType":null,"appliedCoupon":null,"abFlags":{"applyExtremeProminenceFreeDeliveryMessages":"A","jikgu1PWarrantyAB":"NOT_APPLICABLE"}}],"preOrderVo":null,"otherSellerCount":null,"offerDescription":null,"offerBanner":null,"memberInfo":null,"luxuryDiscountBenefit":null,"linkedVendorItemInfo":null,"limitNoticeVo":null,"itemName":"해태 홈런볼 소금우유 (+물티슈10매증정), 164g, 6개","itemId":22433069371,"inventory":null,"invalid":false,"images":[{"thumbnailImage":"//thumbnail9.coupangcdn.com/thumbnails/remote/48x48ex/image/vendor_inventory/afec/ffc9d86de81a9a84751c091f4acf74af69de9f361db0aa76bb39702880a8.jpg","preloadImage":"//thumbnail9.coupangcdn.com/thumbnails/remote/230x230ex/image/vendor_inventory/afec/ffc9d86de81a9a84751c091f4acf74af69de9f361db0aa76bb39702880a8.jpg","origin":"//image9.coupangcdn.com/image/vendor_inventory/afec/ffc9d86de81a9a84751c091f4acf74af69de9f361db0aa76bb39702880a8.jpg","detailImage":"//thumbnail9.coupangcdn.com/thumbnails/remote/1500x1500ex/image/vendor_inventory/afec/ffc9d86de81a9a84751c091f4acf74af69de9f361db0aa76bb39702880a8.jpg"}],"goldFish":false,"giftcard":false,"freshEligible":false,"easePayment":null,"discountBenefitDescriptionList":null,"discountBenefitDescription":null,"deliveryAttribute":false,"dawnOnly":false,"couponList":null,"ccidInfo":null,"ccidEligible":false,"cashBackSummary":null,"buyableQuantity":50,"bundleOption":null,"blockInfo":null,"bizBadge":null,"badgeMap":{},"authors":null,"attributeTitle":null,"apiUrlMap":{"addToCartUrl":"coupang://addCart?itemId=22433069371\u0026productId=8009070810\u0026vendorItemId=89477692434\u0026sourceType=offerDetail\u0026price=29600\u0026sdpVisitKey=\u0026isLoser=false\u0026offerStatus=NEW","shippingConsolidationUrl":null},"almostSoldOut":false},"3558240155,1626145991":{"wishList":false,"warrantyServiceVo":null,"vendorItemId":89477692456,"vendor":null,"used":false,"topSellingInfo":null,"supplier":null,"subscribeInfo":null,"stickBanners":null,"soldOut":false,"shippingConsolidationLink":null,"sellingInfoVo":null,"ruleBasedTitle":null,"roleCode":null,"rocketLuxuryDisclaimer":null,"retail":false,"restockNotification":false,"quantityBase":[{"wowOnlyInstantDiscountRate":0,"subscriptionPriceList":[],"subscriptionPrice":null,"subscriptionDiscountRate":-1,"subscriptionDelivery":null,"shippingFeeList":[{"titleIcon":null,"title":null,"shippingFeeType":"FREE","shippingFeeIcon":null,"shippingFee":null,"returnFeeMessage":null,"popupFreeShippingConditionMessage":null,"message":"\u003Cem class=\u0027prod-txt-bold\u0027\u003E무료배송\u003C/em\u003E","freeShippingConditionMessage":null,"extremeMessage":null,"dividerIcon":null}],"shippingFee":{"titleIcon":null,"title":null,"shippingFeeType":"FREE","shippingFeeIcon":null,"shippingFee":"0","returnFeeMessage":null,"popupFreeShippingConditionMessage":null,"message":"\u003Cem class=\u0027prod-txt-bold\u0027\u003E무료배송\u003C/em\u003E","freeShippingConditionMessage":null,"extremeMessage":null,"dividerIcon":null},"shipmentDisplayType":"NORMAL","selectedIndex":0,"quantityLimitationVO":null,"quantity":1,"priceUnit":"원","priceList":[{"wowCouponDiscount":false,"unitPrice":"10g당 402원","unitDiscountRate":null,"type":"SALES","title":"쿠팡판매가","saleUnitPrice":null,"salePriceTitle":null,"salePrice":null,"priceAmount":"6,600","originalPriceDesc":null,"originPrice":null,"loyaltyRegistrationUrl":null,"loyaltyButtonText":null,"instantPriceType":null,"instantDiscount":null,"i18nSalePrice":null,"i18nPriceAmount":{"rawAmount":null,"fractionDigits":0,"currency":"KRW","amount":"6600"},"i18nOriginPrice":null,"i18nCouponPrice":null,"i18nCouponDiscountAmount":null,"hasWowInstantDiscount":false,"hasWowCouponDiscount":false,"hasNormalInstantDiscount":false,"hasNormalCouponDiscount":false,"gppuPricePolicy":null,"finalPrice":null,"discountRate":null,"description":null,"couponUnitPrice":null,"couponPriceTitle":null,"couponPrice":null,"couponDiscountAmount":null,"cashPromotionMessage":null}],"price":{"wowCouponDiscount":false,"unitPrice":null,"unitDiscountRate":null,"type":null,"title":null,"saleUnitPrice":"10g당 402원","salePriceTitle":"","salePrice":"6,600","priceAmount":null,"originalPriceDesc":"","originPrice":null,"loyaltyRegistrationUrl":null,"loyaltyButtonText":null,"instantPriceType":null,"instantDiscount":false,"i18nSalePrice":{"rawAmount":null,"fractionDigits":0,"currency":"KRW","amount":"6600"},"i18nPriceAmount":null,"i18nOriginPrice":null,"i18nCouponPrice":{"rawAmount":null,"fractionDigits":0,"currency":"KRW","amount":"6600"},"i18nCouponDiscountAmount":null,"hasWowInstantDiscount":false,"hasWowCouponDiscount":false,"hasNormalInstantDiscount":false,"hasNormalCouponDiscount":false,"gppuPricePolicy":null,"finalPrice":"6,600","discountRate":null,"description":null,"couponUnitPrice":"10g당 402원","couponPriceTitle":"","couponPrice":"6,600","couponDiscountAmount":null,"cashPromotionMessage":null},"moduleData":null,"freebieBenefit":null,"deliveryList":[{"type":"VENDOR_DELIVERY","title":null,"speedType":null,"rocketWowQuestionMark":false,"loyaltyButtonText":null,"logistics":false,"hideQuestionMark":false,"extremeDescriptions":null,"descriptions":"\u003Cem class=\u0027prod-txt-onyx prod-txt-font-14\u0027\u003E수요일 11/13\u003C/em\u003E\u003Cem class=\u0027prod-txt-onyx\u0027\u003E 도착 예정 (판매자배송)\u003C/em\u003E","descriptionIcon":null,"descriptionBadge":null,"deliveryReminderMessage":null,"deliveryNotice":null,"deliveryExtraInfo":null,"delayMessage":null,"countDownMillisecond":null,"countDownMessage":null,"companyLabel":null,"company":null,"badgeUrl":null}],"delivery":{"type":"VENDOR_DELIVERY","title":null,"speedType":null,"rocketWowQuestionMark":false,"loyaltyButtonText":null,"logistics":false,"hideQuestionMark":false,"extremeDescriptions":null,"descriptions":"\u003Cem class=\u0027prod-txt-onyx prod-txt-font-14\u0027\u003E수요일 11/13\u003C/em\u003E\u003Cem class=\u0027prod-txt-onyx\u0027\u003E 도착 예정 (판매자배송)\u003C/em\u003E","descriptionIcon":null,"descriptionBadge":null,"deliveryReminderMessage":null,"deliveryNotice":null,"deliveryExtraInfo":null,"delayMessage":null,"countDownMillisecond":null,"countDownMessage":null,"companyLabel":null,"company":null,"badgeUrl":null},"cashBackSummary":null,"bundleOption":null,"benefitDisplayType":null,"appliedCoupon":null,"abFlags":{"applyExtremeProminenceFreeDeliveryMessages":"A","jikgu1PWarrantyAB":"NOT_APPLICABLE"}}],"preOrderVo":null,"otherSellerCount":null,"offerDescription":null,"offerBanner":null,"memberInfo":null,"luxuryDiscountBenefit":null,"linkedVendorItemInfo":null,"limitNoticeVo":null,"itemName":"해태 홈런볼 소금우유 (+물티슈10매증정), 164g, 1개","itemId":22433069377,"inventory":null,"invalid":false,"images":[{"thumbnailImage":"//thumbnail10.coupangcdn.com/thumbnails/remote/48x48ex/image/vendor_inventory/be81/621c8c12965d6553f82df3efdda3a1d1d6e00ba40d406d53e1ede01b54a3.jpg","preloadImage":"//thumbnail10.coupangcdn.com/thumbnails/remote/230x230ex/image/vendor_inventory/be81/621c8c12965d6553f82df3efdda3a1d1d6e00ba40d406d53e1ede01b54a3.jpg","origin":"//image10.coupangcdn.com/image/vendor_inventory/be81/621c8c12965d6553f82df3efdda3a1d1d6e00ba40d406d53e1ede01b54a3.jpg","detailImage":"//thumbnail10.coupangcdn.com/thumbnails/remote/1500x1500ex/image/vendor_inventory/be81/621c8c12965d6553f82df3efdda3a1d1d6e00ba40d406d53e1ede01b54a3.jpg"}],"goldFish":false,"giftcard":false,"freshEligible":false,"easePayment":null,"discountBenefitDescriptionList":null,"discountBenefitDescription":null,"deliveryAttribute":false,"dawnOnly":false,"couponList":null,"ccidInfo":null,"ccidEligible":false,"cashBackSummary":null,"buyableQuantity":50,"bundleOption":null,"blockInfo":null,"bizBadge":null,"badgeMap":{},"authors":null,"attributeTitle":null,"apiUrlMap":{"addToCartUrl":"coupang://addCart?itemId=22433069377\u0026productId=8009070810\u0026vendorItemId=89477692456\u0026sourceType=offerDetail\u0026price=6600\u0026sdpVisitKey=\u0026isLoser=false\u0026offerStatus=NEW","shippingConsolidationUrl":null},"almostSoldOut":false},"3162826271,3164567075":{"wishList":false,"warrantyServiceVo":null,"vendorItemId":91050795591,"vendor":null,"used":false,"topSellingInfo":null,"supplier":null,"subscribeInfo":null,"stickBanners":null,"soldOut":false,"shippingConsolidationLink":null,"sellingInfoVo":null,"ruleBasedTitle":null,"roleCode":null,"rocketLuxuryDisclaimer":null,"retail":false,"restockNotification":false,"quantityBase":[{"wowOnlyInstantDiscountRate":0,"subscriptionPriceList":[],"subscriptionPrice":null,"subscriptionDiscountRate":-1,"subscriptionDelivery":null,"shippingFeeList":[{"titleIcon":null,"title":null,"shippingFeeType":"FREE","shippingFeeIcon":null,"shippingFee":null,"returnFeeMessage":null,"popupFreeShippingConditionMessage":null,"message":"\u003Cem class=\u0027prod-txt-bold\u0027\u003E무료배송\u003C/em\u003E","freeShippingConditionMessage":null,"extremeMessage":null,"dividerIcon":null}],"shippingFee":{"titleIcon":null,"title":null,"shippingFeeType":"FREE","shippingFeeIcon":null,"shippingFee":"0","returnFeeMessage":null,"popupFreeShippingConditionMessage":null,"message":"\u003Cem class=\u0027prod-txt-bold\u0027\u003E무료배송\u003C/em\u003E","freeShippingConditionMessage":null,"extremeMessage":null,"dividerIcon":null},"shipmentDisplayType":"NORMAL","selectedIndex":0,"quantityLimitationVO":null,"quantity":1,"priceUnit":"원","priceList":[{"wowCouponDiscount":false,"unitPrice":"10g당 249원","unitDiscountRate":null,"type":"SALES","title":"쿠팡판매가","saleUnitPrice":null,"salePriceTitle":null,"salePrice":null,"priceAmount":"36,630","originalPriceDesc":null,"originPrice":null,"loyaltyRegistrationUrl":null,"loyaltyButtonText":null,"instantPriceType":null,"instantDiscount":null,"i18nSalePrice":null,"i18nPriceAmount":{"rawAmount":null,"fractionDigits":0,"currency":"KRW","amount":"36630"},"i18nOriginPrice":null,"i18nCouponPrice":null,"i18nCouponDiscountAmount":null,"hasWowInstantDiscount":false,"hasWowCouponDiscount":false,"hasNormalInstantDiscount":false,"hasNormalCouponDiscount":false,"gppuPricePolicy":null,"finalPrice":null,"discountRate":null,"description":null,"couponUnitPrice":null,"couponPriceTitle":null,"couponPrice":null,"couponDiscountAmount":null,"cashPromotionMessage":null}],"price":{"wowCouponDiscount":false,"unitPrice":null,"unitDiscountRate":null,"type":null,"title":null,"saleUnitPrice":"10g당 249원","salePriceTitle":"","salePrice":"36,630","priceAmount":null,"originalPriceDesc":null,"originPrice":"43,330","loyaltyRegistrationUrl":null,"loyaltyButtonText":null,"instantPriceType":null,"instantDiscount":false,"i18nSalePrice":{"rawAmount":null,"fractionDigits":0,"currency":"KRW","amount":"36630"},"i18nPriceAmount":null,"i18nOriginPrice":{"rawAmount":null,"fractionDigits":0,"currency":"KRW","amount":"43330"},"i18nCouponPrice":{"rawAmount":null,"fractionDigits":0,"currency":"KRW","amount":"36630"},"i18nCouponDiscountAmount":null,"hasWowInstantDiscount":false,"hasWowCouponDiscount":false,"hasNormalInstantDiscount":false,"hasNormalCouponDiscount":false,"gppuPricePolicy":[{"priceInfo":"\u003Cspan class=\u0027discount-rate\u0027\u003E15%\u003C/span\u003E\u003Cspan class=\u0027origin-price\u0027\u003E43,330원\u003C/span\u003E","description":"업체의 권장소비자가 또는 공식 판매처 판매가 또는 도서 정가(도서 정가제 대상인 경우)입니다. 해당 가격이 없는 경우 90일 내 쿠팡에서 판매된 가격 중 가장 높은 가격을 표시합니다."}],"finalPrice":"36,630","discountRate":"15","description":null,"couponUnitPrice":"10g당 249원","couponPriceTitle":"","couponPrice":"36,630","couponDiscountAmount":null,"cashPromotionMessage":null},"moduleData":null,"freebieBenefit":null,"deliveryList":[{"type":"VENDOR_DELIVERY","title":null,"speedType":null,"rocketWowQuestionMark":false,"loyaltyButtonText":null,"logistics":false,"hideQuestionMark":false,"extremeDescriptions":null,"descriptions":"\u003Cem class=\u0027prod-txt-onyx prod-txt-font-14\u0027\u003E화요일 11/12\u003C/em\u003E\u003Cem class=\u0027prod-txt-onyx\u0027\u003E 도착 예정 (판매자배송)\u003C/em\u003E","descriptionIcon":null,"descriptionBadge":null,"deliveryReminderMessage":null,"deliveryNotice":null,"deliveryExtraInfo":null,"delayMessage":null,"countDownMillisecond":null,"countDownMessage":null,"companyLabel":null,"company":null,"badgeUrl":null}],"delivery":{"type":"VENDOR_DELIVERY","title":null,"speedType":null,"rocketWowQuestionMark":false,"loyaltyButtonText":null,"logistics":false,"hideQuestionMark":false,"extremeDescriptions":null,"descriptions":"\u003Cem class=\u0027prod-txt-onyx prod-txt-font-14\u0027\u003E화요일 11/12\u003C/em\u003E\u003Cem class=\u0027prod-txt-onyx\u0027\u003E 도착 예정 (판매자배송)\u003C/em\u003E","descriptionIcon":null,"descriptionBadge":null,"deliveryReminderMessage":null,"deliveryNotice":null,"deliveryExtraInfo":null,"delayMessage":null,"countDownMillisecond":null,"countDownMessage":null,"companyLabel":null,"company":null,"badgeUrl":null},"cashBackSummary":null,"bundleOption":null,"benefitDisplayType":null,"appliedCoupon":null,"abFlags":{"applyExtremeProminenceFreeDeliveryMessages":"A","jikgu1PWarrantyAB":"NOT_APPLICABLE"}}],"preOrderVo":null,"otherSellerCount":null,"offerDescription":null,"offerBanner":null,"memberInfo":null,"luxuryDiscountBenefit":null,"linkedVendorItemInfo":null,"limitNoticeVo":null,"itemName":"해태제과 홈런볼 소금우유 49g, 30개","itemId":22634220233,"inventory":null,"invalid":false,"images":[{"thumbnailImage":"//thumbnail9.coupangcdn.com/thumbnails/remote/48x48ex/image/vendor_inventory/ece9/cce1477be8ac78a199ac3503fc57d9d540748c234cad9d05d7dd2ac02b8c.PNG","preloadImage":"//thumbnail9.coupangcdn.com/thumbnails/remote/230x230ex/image/vendor_inventory/ece9/cce1477be8ac78a199ac3503fc57d9d540748c234cad9d05d7dd2ac02b8c.PNG","origin":"//image9.coupangcdn.com/image/vendor_inventory/ece9/cce1477be8ac78a199ac3503fc57d9d540748c234cad9d05d7dd2ac02b8c.PNG","detailImage":"//thumbnail9.coupangcdn.com/thumbnails/remote/1500x1500ex/image/vendor_inventory/ece9/cce1477be8ac78a199ac3503fc57d9d540748c234cad9d05d7dd2ac02b8c.PNG"}],"goldFish":false,"giftcard":false,"freshEligible":false,"easePayment":null,"discountBenefitDescriptionList":null,"discountBenefitDescription":null,"deliveryAttribute":false,"dawnOnly":false,"couponList":null,"ccidInfo":null,"ccidEligible":false,"cashBackSummary":null,"buyableQuantity":50,"bundleOption":null,"blockInfo":null,"bizBadge":null,"badgeMap":{},"authors":null,"attributeTitle":null,"apiUrlMap":{"addToCartUrl":"coupang://addCart?itemId=22634220233\u0026productId=8009070810\u0026vendorItemId=91050795591\u0026sourceType=offerDetail\u0026price=36630\u0026sdpVisitKey=\u0026isLoser=false\u0026offerStatus=NEW","shippingConsolidationUrl":null},"almostSoldOut":false},"3162826023,1626146084":{"wishList":false,"warrantyServiceVo":null,"vendorItemId":89463005056,"vendor":null,"used":false,"topSellingInfo":null,"supplier":null,"subscribeInfo":null,"stickBanners":null,"soldOut":false,"shippingConsolidationLink":null,"sellingInfoVo":null,"ruleBasedTitle":null,"roleCode":null,"rocketLuxuryDisclaimer":null,"retail":true,"restockNotification":false,"quantityBase":[{"wowOnlyInstantDiscountRate":0,"subscriptionPriceList":[],"subscriptionPrice":null,"subscriptionDiscountRate":-1,"subscriptionDelivery":null,"shippingFeeList":[{"titleIcon":null,"title":null,"shippingFeeType":"ROCKET","shippingFeeIcon":null,"shippingFee":null,"returnFeeMessage":null,"popupFreeShippingConditionMessage":null,"message":"\u003Cem class=\u0027prod-txt-bold\u0027\u003E로켓배송 상품 19,800원 이상 무료배송\u003C/em\u003E","freeShippingConditionMessage":null,"extremeMessage":null,"dividerIcon":null},{"titleIcon":null,"title":null,"shippingFeeType":"FREE","shippingFeeIcon":null,"shippingFee":null,"returnFeeMessage":null,"popupFreeShippingConditionMessage":null,"message":"\u003Cem class=\u0027prod-txt-bold\u0027\u003E무료배송 + 무료반품\u003C/em\u003E\u003Cem class=\u0027separator\u0027\u003E|\u003C/em\u003E\u003Cem class=\u0027icon-tx\u0027\u003E로켓와우 신청시\u003C/em\u003E\u003Cem\u003E\u003Ci class=\u0027rocket-falcon-icon question-mark-rocket-plus\u0027\u003E\u003C/i\u003E\u003C/em\u003E","freeShippingConditionMessage":null,"extremeMessage":null,"dividerIcon":null}],"shippingFee":{"titleIcon":null,"title":null,"shippingFeeType":"ROCKET","shippingFeeIcon":null,"shippingFee":"2,500","returnFeeMessage":null,"popupFreeShippingConditionMessage":null,"message":"\u003Cem class=\u0027prod-txt-bold\u0027\u003E무료배송\u003C/em\u003E\u003Cem class=\u0027prod-txt-black\u0027\u003E (로켓배송 상품 19,800원 이상 구매 시)\u003C/em\u003E","freeShippingConditionMessage":null,"extremeMessage":null,"dividerIcon":null},"shipmentDisplayType":"SHIPPING_FEE_NUDGE","selectedIndex":0,"quantityLimitationVO":null,"quantity":1,"priceUnit":"원","priceList":[{"wowCouponDiscount":false,"unitPrice":"10g당 265원","unitDiscountRate":null,"type":"SALES","title":"쿠팡판매가","saleUnitPrice":null,"salePriceTitle":null,"salePrice":null,"priceAmount":"4,350","originalPriceDesc":null,"originPrice":null,"loyaltyRegistrationUrl":null,"loyaltyButtonText":null,"instantPriceType":null,"instantDiscount":null,"i18nSalePrice":null,"i18nPriceAmount":{"rawAmount":null,"fractionDigits":0,"currency":"KRW","amount":"4350"},"i18nOriginPrice":null,"i18nCouponPrice":null,"i18nCouponDiscountAmount":null,"hasWowInstantDiscount":false,"hasWowCouponDiscount":false,"hasNormalInstantDiscount":false,"hasNormalCouponDiscount":false,"gppuPricePolicy":null,"finalPrice":null,"discountRate":null,"description":null,"couponUnitPrice":null,"couponPriceTitle":null,"couponPrice":null,"couponDiscountAmount":null,"cashPromotionMessage":null}],"price":{"wowCouponDiscount":false,"unitPrice":null,"unitDiscountRate":null,"type":null,"title":null,"saleUnitPrice":"10g당 265원","salePriceTitle":"","salePrice":"4,350","priceAmount":null,"originalPriceDesc":null,"originPrice":"4,440","loyaltyRegistrationUrl":null,"loyaltyButtonText":null,"instantPriceType":null,"instantDiscount":false,"i18nSalePrice":{"rawAmount":null,"fractionDigits":0,"currency":"KRW","amount":"4350"},"i18nPriceAmount":null,"i18nOriginPrice":{"rawAmount":null,"fractionDigits":0,"currency":"KRW","amount":"4440"},"i18nCouponPrice":{"rawAmount":null,"fractionDigits":0,"currency":"KRW","amount":"4350"},"i18nCouponDiscountAmount":null,"hasWowInstantDiscount":false,"hasWowCouponDiscount":false,"hasNormalInstantDiscount":false,"hasNormalCouponDiscount":false,"gppuPricePolicy":[{"priceInfo":"\u003Cspan class=\u0027discount-rate\u0027\u003E2%\u003C/span\u003E\u003Cspan class=\u0027origin-price\u0027\u003E4,440원\u003C/span\u003E","description":"업체의 권장소비자가 또는 공식 판매처 판매가 또는 도서 정가(도서 정가제 대상인 경우)입니다. 해당 가격이 없는 경우 90일 내 쿠팡에서 판매된 가격 중 가장 높은 가격을 표시합니다."}],"finalPrice":"4,350","discountRate":"2","description":null,"couponUnitPrice":"10g당 265원","couponPriceTitle":"","couponPrice":"4,350","couponDiscountAmount":null,"cashPromotionMessage":null},"moduleData":[{"abFlags":{"displayTwoPricesWow":"A","sdpCartUpdateNewPmcPolicy":"false","deliveryFeeToggleShow":"false"},"detailPriceBundle":{"finalPrice":{"bestPriceInfo":{"currency":"KRW","discountRate":2.0,"discountRateValid":true,"doubleElevenPromoted":false,"firstPurchase":false,"goldbox":false,"hasEligibilityConditions":false,"lightning":false,"lightningOrGoldbox":false,"memberPrice":false,"notExpired":true,"percentageDiscount":false,"price":4350,"priceBasedDiscountRate":2.0,"priceType":"FINAL_PRICE","priceWithDeliveryFee":4350,"unitCCIDuration":10,"unitPrice":{"amount":10,"extendedPrice":{"money":{"amount":265,"currency":"KRW"},"offset":0},"priceEx":{"amount":265,"currency":"KRW"},"unit":"g"},"unitPriceAmount":265,"unitPriceAmountWithDeliveryFee":265,"unitPriceDescription":"(10g당 265원)","unitPriceDescriptionWithoutParenthesis":"10g당 265원","unitPriceIncludeDeliveryFeeDescription":"(10g당 265원)","unitPriceIncludeDeliveryFeeDescriptionWithoutParenthesis":"10g당 265원","unitPriceWithDeliveryFee":{"amount":10,"extendedPrice":{"money":{"amount":265,"currency":"KRW"},"offset":0},"unit":"g"},"valid":true},"displayType":"FINAL","downloadCouponType":"NONE","downloadDiscountAmount":0,"instantDiscountAmount":0,"instantDiscountType":"NONE","memberPrice":false,"price":4350,"priceBaseDiscountRate":2,"priceWithDeliveryFee":4350,"realType":"SALES","unitPriceAmount":265,"unitPriceAmountWithDeliveryFee":265,"unitPriceDescription":"(10g당 265원)","unitPriceDescriptionWithoutParenthesis":"10g당 265원","unitPriceIncludeDeliveryFeeDescription":"(10g당 265원)"},"finalPriceDiscountRate":2,"nonWowMemberPrice":{"price":4350,"priceWithDeliveryFee":4350},"originalPrice":{"displayType":"ORIGINAL","downloadCouponType":"NONE","instantDiscountType":"NONE","memberPrice":false,"price":4440,"priceWithDeliveryFee":4440,"realType":"ORIGINAL","unitPriceDescription":"(10g당 271원)"},"wowMemberPrice":{"price":4350,"priceWithDeliveryFee":4350}},"logging":{},"normalCouponDiscount":false,"normalInstantDiscount":false,"pricePolicies":[{"currency":"원","description":"업체의 권장소비자가 또는 공식 판매처 판매가 또는 도서 정가(도서 정가제 대상인 경우)입니다. 해당 가격이 없는 경우 90일 내 쿠팡에서 판매된 가격 중 가장 높은 가격을 표시합니다.","discountRate":2,"formattedPrice":"4,440원","price":"4,440","priceWithDeliveryFee":"4,440","type":"ORIGINAL"}],"priceWithDeliveryFee":true,"targetedDiscount":false,"viewType":"PRODUCT_DETAIL_PRICE_INFO","wowCouponDiscount":false,"wowDiscountAndNormalOtAndNonWowMember":false,"wowInstantDiscount":false},{"attributeBasedTitle":"해태제과 홈런볼 소금 우유, 41g, 4개","countryOfOrigin":"원산지: 상품 상세설명 참조","logging":{"alwaysSentLiveLog":false,"bypass":{"exposureSchemas":[{"id":"11942","mandatory":{"logCategory":"impression","logType":"impression","pageName":"sdp","eventName":"option_table_test_exposure","domain":"sdp","sdpVisitKey":"c8rp7xn6lq37w74be8","productId":8009070810,"itemId":22335878956,"vendorItemId":89463005056,"abGroup":"B","abTestId":"47980"},"version":"2"}]}},"title":"해태제과 홈런볼 소금 우유 41g, 4개","viewType":"PRODUCT_DETAIL_PRODUCT_INFO"},{"abFlags":{"47980":"B"},"featureFlags":{"option_table_pc_expand_1_and_2_attr":"B"},"viewType":"PRODUCT_WEB_DATA_AB_FLAGS"},{"tabList":[{"attributeId":"7637","items":[{"action":{"event":{"url":"https://www.coupang.com/vp/products/8009070810/items/22335878956/vendoritems/89463005056/option-table?optionTableLandingVendorItemId=89463005056\u0026landedItemId=22335878956\u0026landedVendorItemId=89463005056\u0026withDeliveryFee=true\u0026deliveryToggle=true\u0026selectedValue=7652%3ANzY1Mnw06rCc%2C7637%3ANzYzN3w0MWc\u0026selectedShowPriceStatus=Default\u0026sdp-st=H4sIAAAAAAAAAKtWCs3LLAkoykxODclPT89JDUgsSswtVrKqVirNK09RsiopKk2t1VHyLyjJzM8LSUxCUgEUdknNySxLLapE15uCIo5mSnBqTmoyiAFWD1JenKlkZWRkbGxqYW5haWqmo1RcpmRlYWliZmxgYGpgagbX6pNZXALTVVsLAH28YIe9AAAA"},"logging":{"alwaysSentLiveLog":false,"bypass":{"clickSchemas":[{"id":"10844","mandatory":{"logCategory":"event","logType":"click","pageName":"sdp","eventName":"click_sdp_option_comparison_table","domain":"sdp","sdpVisitKey":"c8rp7xn6lq37w74be8","productId":8009070810,"itemId":22335878956,"vendorItemId":89463005056,"categoryId":"1437","optionTableStyle":"sdp_standard","clickArea":"attributeOption","clickValue":"firstAttribute:41g","isImage":false},"version":"9"}]}}},"id":"NzYzN3w0MWc","invalid":false,"selected":true,"selectedValue":["7652:NzY1Mnw06rCc","7637:NzYzN3w0MWc"],"soldOut":false,"valueName":"41g"},{"action":{"event":{"url":"https://www.coupang.com/vp/products/8009070810/items/22335878956/vendoritems/89463005056/option-table?optionTableLandingVendorItemId=89463005056\u0026landedItemId=22335878956\u0026landedVendorItemId=89463005056\u0026withDeliveryFee=true\u0026deliveryToggle=true\u0026selectedValue=7652%3ANzY1Mnw06rCc%2C7637%3ANzYzN3w0OWc\u0026selectedShowPriceStatus=Default\u0026sdp-st=H4sIAAAAAAAAAKtWCs3LLAkoykxODclPT89JDUgsSswtVrKqVirNK09RsiopKk2t1VHyLyjJzM8LSUxCUgEUdknNySxLLapE15uCIo5mSnBqTmoyiAFWD1JenKlkZWRkbGxqYW5haWqmo1RcpmRlYWliZmxgYGpgagbX6pNZXALTVVsLAH28YIe9AAAA"},"logging":{"alwaysSentLiveLog":false,"bypass":{"clickSchemas":[{"id":"10844","mandatory":{"logCategory":"event","logType":"click","pageName":"sdp","eventName":"click_sdp_option_comparison_table","domain":"sdp","sdpVisitKey":"c8rp7xn6lq37w74be8","productId":8009070810,"itemId":22335878956,"vendorItemId":89463005056,"categoryId":"1437","optionTableStyle":"sdp_standard","clickArea":"attributeOption","clickValue":"firstAttribute:49g","isImage":false},"version":"9"}]}}},"id":"NzYzN3w0OWc","invalid":false,"selected":false,"selectedValue":["7652:NzY1Mnw06rCc","7637:NzYzN3w0OWc"],"soldOut":false,"valueName":"49g"},{"action":{"event":{"url":"https://www.coupang.com/vp/products/8009070810/items/22335878956/vendoritems/89463005056/option-table?optionTableLandingVendorItemId=89463005056\u0026landedItemId=22335878956\u0026landedVendorItemId=89463005056\u0026withDeliveryFee=true\u0026deliveryToggle=true\u0026selectedValue=7652%3ANzY1Mnw06rCc%2C7637%3ANzYzN3wxNjRn\u0026selectedShowPriceStatus=Default\u0026sdp-st=H4sIAAAAAAAAAKtWCs3LLAkoykxODclPT89JDUgsSswtVrKqVirNK09RsiopKk2t1VHyLyjJzM8LSUxCUgEUdknNySxLLapE15uCIo5mSnBqTmoyiAFWD1JenKlkZWRkbGxqYW5haWqmo1RcpmRlYWliZmxgYGpgagbX6pNZXALTVVsLAH28YIe9AAAA"},"logging":{"alwaysSentLiveLog":false,"bypass":{"clickSchemas":[{"id":"10844","mandatory":{"logCategory":"event","logType":"click","pageName":"sdp","eventName":"click_sdp_option_comparison_table","domain":"sdp","sdpVisitKey":"c8rp7xn6lq37w74be8","productId":8009070810,"itemId":22335878956,"vendorItemId":89463005056,"categoryId":"1437","optionTableStyle":"sdp_standard","clickArea":"attributeOption","clickValue":"firstAttribute:164g","isImage":false},"version":"9"}]}}},"id":"NzYzN3wxNjRn","invalid":false,"selected":false,"selectedValue":["7652:NzY1Mnw06rCc","7637:NzYzN3wxNjRn"],"soldOut":false,"valueName":"164g"}],"style":"TAB","title":"개당 중량 × 수량: ","valueName":"41g × 4개"}],"viewType":"PRODUCT_OPTION_TABLE_TAB_SELECTOR"},{"data":{"description":"배송비 포함","title":"더 많은 옵션 보기"},"viewType":"PRODUCT_OPTION_TABLE_TOGGLE_HEADER"},{"landingItemId":22335878956,"landingProductId":8009070810,"landingVendorItemId":89463005056,"logging":{"alwaysSentLiveLog":false,"bypass":{"exposureSchema":{"id":"10843","mandatory":{"logCategory":"impression","logType":"impression","pageName":"sdp","eventName":"impression_sdp_option_comparison_table","domain":"sdp","sdpVisitKey":"c8rp7xn6lq37w74be8","productId":8009070810,"itemId":22335878956,"vendorItemId":89463005056,"categoryId":"1437","optionTableStyle":"sdp_standard","attributes":"개당 중량,수량","isSeeAll":true,"isImage":false,"firstAttributeOptionList":"attribute1:41g,attribute2:49g,attribute3:164g","selectedAttribute":"firstAttribute:41g","listVendorItemId":"option1:89463005056,option2:89463066143,option3:89463066217,option4:89463066340","listVendorItemPrice":"option1:4350,option2:13050,option3:16960,option4:25440","listQty":"option1:4개,option2:12개,option3:16개,option4:24개","listDeliveryType":"option1:ROCKET,option2:ROCKET,option3:ROCKET,option4:ROCKET","listUnitPrice":"option1:265,option2:265,option3:259,option4:259","listMin":"option1:false,option2:false,option3:true,option4:false","listOos":"option1:false,option2:false,option3:false,option4:false","listDefault":"option1:true,option2:true,option3:true,option4:true","listPriceLabel":"option1:,option2:,option3:,option4:","selectedOption":"option1"},"version":"12"}}},"optionList":[{"action":{"event":{"url":"/vm/v5/products/8009070810/vendor-items/89463005056?landingItemId=22335878956\u0026landingProductId=8009070810\u0026landingVendorItemId=89463005056"},"logging":{"alwaysSentLiveLog":false,"bypass":{"clickSchemas":[{"id":"10844","mandatory":{"logCategory":"event","logType":"click","pageName":"sdp","eventName":"click_sdp_option_comparison_table","domain":"sdp","sdpVisitKey":"c8rp7xn6lq37w74be8","productId":8009070810,"itemId":22335878956,"vendorItemId":89463005056,"categoryId":"1437","clickArea":"option","clickValue":"option1:89463005056","isImage":false},"version":"9"}]}}},"defaultShow":true,"deliveryBadgeUrl":"https://image7.coupangcdn.com/image/coupang/rds/logo/hdpi/logo_rocket_small.png","deliveryType":"ROCKET","finalPrice":"4,350원","finalUnitPrice":"10g당 265원","hoverImageUrl":"//thumbnail9.coupangcdn.com/thumbnails/remote/492x492ex/image/retail/images/2024/04/10/15/1/1e559580-921f-4b51-b9e7-225479eaccf5.jpg","hoverSelectionText":"41g × 4개","itemId":22335878956,"optionItemName":"4개","selected":true,"soldOut":false,"vendorItemId":89463005056},{"action":{"event":{"url":"/vm/v5/products/8009070810/vendor-items/89463066143?landingItemId=22335878956\u0026landingProductId=8009070810\u0026landingVendorItemId=89463005056"},"logging":{"alwaysSentLiveLog":false,"bypass":{"clickSchemas":[{"id":"10844","mandatory":{"logCategory":"event","logType":"click","pageName":"sdp","eventName":"click_sdp_option_comparison_table","domain":"sdp","sdpVisitKey":"c8rp7xn6lq37w74be8","productId":8009070810,"itemId":22335878956,"vendorItemId":89463005056,"categoryId":"1437","clickArea":"option","clickValue":"option2:89463066143","isImage":false},"version":"9"}]}}},"defaultShow":true,"deliveryBadgeUrl":"https://image7.coupangcdn.com/image/coupang/rds/logo/hdpi/logo_rocket_small.png","deliveryType":"ROCKET","finalPrice":"13,050원","finalUnitPrice":"10g당 265원","hoverImageUrl":"//thumbnail8.coupangcdn.com/thumbnails/remote/492x492ex/image/retail/images/d28128a4-5692-47ec-8370-35e839e26cd65095836669349866896.png","hoverSelectionText":"41g × 12개","itemId":22418305583,"optionItemName":"12개","selected":false,"soldOut":false,"vendorItemId":89463066143},{"action":{"event":{"url":"/vm/v5/products/8009070810/vendor-items/89463066217?landingItemId=22335878956\u0026landingProductId=8009070810\u0026landingVendorItemId=89463005056"},"logging":{"alwaysSentLiveLog":false,"bypass":{"clickSchemas":[{"id":"10844","mandatory":{"logCategory":"event","logType":"click","pageName":"sdp","eventName":"click_sdp_option_comparison_table","domain":"sdp","sdpVisitKey":"c8rp7xn6lq37w74be8","productId":8009070810,"itemId":22335878956,"vendorItemId":89463005056,"categoryId":"1437","clickArea":"option","clickValue":"option3:89463066217","isImage":false},"version":"9"}]}}},"defaultShow":true,"deliveryBadgeUrl":"https://image7.coupangcdn.com/image/coupang/rds/logo/hdpi/logo_rocket_small.png","deliveryType":"ROCKET","finalPrice":"16,960원","finalUnitPrice":"10g당 259원","finalUnitPriceLabel":"(최저 단위가)","hoverImageUrl":"//thumbnail7.coupangcdn.com/thumbnails/remote/492x492ex/image/retail/images/fd170c51-0699-4873-856e-e5bc73ab7f871099285492963579520.png","hoverSelectionText":"41g × 16개","itemId":22418305669,"optionItemName":"16개","selected":false,"soldOut":false,"vendorItemId":89463066217},{"action":{"event":{"url":"/vm/v5/products/8009070810/vendor-items/89463066340?landingItemId=22335878956\u0026landingProductId=8009070810\u0026landingVendorItemId=89463005056"},"logging":{"alwaysSentLiveLog":false,"bypass":{"clickSchemas":[{"id":"10844","mandatory":{"logCategory":"event","logType":"click","pageName":"sdp","eventName":"click_sdp_option_comparison_table","domain":"sdp","sdpVisitKey":"c8rp7xn6lq37w74be8","productId":8009070810,"itemId":22335878956,"vendorItemId":89463005056,"categoryId":"1437","clickArea":"option","clickValue":"option4:89463066340","isImage":false},"version":"9"}]}}},"defaultShow":true,"deliveryBadgeUrl":"https://image7.coupangcdn.com/image/coupang/rds/logo/hdpi/logo_rocket_small.png","deliveryType":"ROCKET","finalPrice":"25,440원","finalUnitPrice":"10g당 259원","hoverImageUrl":"//thumbnail10.coupangcdn.com/thumbnails/remote/492x492ex/image/retail/images/99e7a4cd-42b9-4ab7-a2fe-66df300004e0575616690336396732.png","hoverSelectionText":"41g × 24개","itemId":22418305736,"optionItemName":"24개","selected":false,"soldOut":false,"vendorItemId":89463066340}],"seeAllButton":{"action":{"logging":{"alwaysSentLiveLog":false,"bypass":{"clickSchemas":[{"id":"10844","mandatory":{"logCategory":"event","logType":"click","pageName":"sdp","eventName":"click_sdp_option_comparison_table","domain":"sdp","sdpVisitKey":"c8rp7xn6lq37w74be8","productId":8009070810,"itemId":22335878956,"vendorItemId":89463005056,"categoryId":"1437","clickArea":"seeAll","clickValue":"모든 옵션 보기","isImage":false,"isToggleOn":true},"version":"9"}]}}},"buttonText":"모든 옵션 보기"},"style":"SHORT_ATTR","tableId":"NzYzN3w0MWc","viewType":"PRODUCT_OPTION_TABLE_LIST_VIEW"},{"items":[{"action":{"event":{"url":"vp/products/8009070810/vendoritems/89463005056"},"logging":{"alwaysSentLiveLog":false,"bypass":{"clickSchemas":[{"id":"5104","mandatory":{"domain":"sdp","logCategory":"event","logType":"click","pageName":"option_list","eventName":"option_list_click","sdpVisitKey":"c8rp7xn6lq37w74be8","vendorItemId":89463005056,"vendorItemIdAttributes":"41g_4개_unitPrice:265_vendorItemPrice:4350_deliveryType:ROCKET_deliveryFee:0"},"version":"4"}],"exposureSchema":{"id":"5112","mandatory":{"logCategory":"impression","logType":"impression","pageName":"option_list","eventName":"option_list_item_impression","domain":"sdp","referSdpItem":"p8009070810_i22335878956_v89463005056","sdpVisitKey":"c8rp7xn6lq37w74be8","vendorItemId":"89463005056","vendorItemIdAttributes":"41g_4개_unitPrice:265_vendorItemPrice:4350_deliveryType:ROCKET_deliveryFee:0"},"version":"6"}}}},"deliveryInfo":{"deliveryBadge":{"height":16,"url":"https://image6.coupangcdn.com/image/coupang/rds/logo/hdpi/logo_rocket_medium.png","width":64},"deliveryDateColor":"GREEN","deliveryDateDescriptions":"내일(일) 11/10 도착 보장"},"itemBasicInfo":{"invalid":false,"itemId":22335878956,"itemName":"41g × 4개","vendorItemId":89463005056},"priceInfo":{"finalDeliveryDescription":"무료배송","finalPrice":"4,350원","finalUnitPrice":"(10g당 265원)"},"selected":true,"stockInfo":{"logistics":true,"restockNotification":false,"soldOut":false}},{"action":{"event":{"url":"vp/products/8009070810/vendoritems/89463066056"},"logging":{"alwaysSentLiveLog":false,"bypass":{"clickSchemas":[{"id":"5104","mandatory":{"domain":"sdp","logCategory":"event","logType":"click","pageName":"option_list","eventName":"option_list_click","sdpVisitKey":"c8rp7xn6lq37w74be8","vendorItemId":89463066056,"vendorItemIdAttributes":"41g_8개_unitPrice:265_vendorItemPrice:8700_deliveryType:ROCKET_deliveryFee:0"},"version":"4"}],"exposureSchema":{"id":"5112","mandatory":{"logCategory":"impression","logType":"impression","pageName":"option_list","eventName":"option_list_item_impression","domain":"sdp","referSdpItem":"p8009070810_i22335878956_v89463005056","sdpVisitKey":"c8rp7xn6lq37w74be8","vendorItemId":"89463066056","vendorItemIdAttributes":"41g_8개_unitPrice:265_vendorItemPrice:8700_deliveryType:ROCKET_deliveryFee:0"},"version":"6"}}}},"deliveryInfo":{"deliveryBadge":{"height":16,"url":"https://image6.coupangcdn.com/image/coupang/rds/logo/hdpi/logo_rocket_medium.png","width":64},"deliveryDateColor":"GREEN","deliveryDateDescriptions":"내일(일) 11/10 도착 보장"},"itemBasicInfo":{"invalid":false,"itemId":23917996268,"itemName":"41g × 8개","vendorItemId":89463066056},"priceInfo":{"finalDeliveryDescription":"무료배송","finalPrice":"8,700원","finalUnitPrice":"(10g당 265원)"},"stockInfo":{"logistics":true,"restockNotification":false,"soldOut":false}},{"action":{"event":{"url":"vp/products/8009070810/vendoritems/89463066143"},"logging":{"alwaysSentLiveLog":false,"bypass":{"clickSchemas":[{"id":"5104","mandatory":{"domain":"sdp","logCategory":"event","logType":"click","pageName":"option_list","eventName":"option_list_click","sdpVisitKey":"c8rp7xn6lq37w74be8","vendorItemId":89463066143,"vendorItemIdAttributes":"41g_12개_unitPrice:265_vendorItemPrice:13050_deliveryType:ROCKET_deliveryFee:0"},"version":"4"}],"exposureSchema":{"id":"5112","mandatory":{"logCategory":"impression","logType":"impression","pageName":"option_list","eventName":"option_list_item_impression","domain":"sdp","referSdpItem":"p8009070810_i22335878956_v89463005056","sdpVisitKey":"c8rp7xn6lq37w74be8","vendorItemId":"89463066143","vendorItemIdAttributes":"41g_12개_unitPrice:265_vendorItemPrice:13050_deliveryType:ROCKET_deliveryFee:0"},"version":"6"}}}},"deliveryInfo":{"deliveryBadge":{"height":16,"url":"https://image6.coupangcdn.com/image/coupang/rds/logo/hdpi/logo_rocket_medium.png","width":64},"deliveryDateColor":"GREEN","deliveryDateDescriptions":"내일(일) 11/10 도착 보장"},"itemBasicInfo":{"invalid":false,"itemId":22418305583,"itemName":"41g × 12개","vendorItemId":89463066143},"priceInfo":{"finalDeliveryDescription":"무료배송","finalPrice":"13,050원","finalUnitPrice":"(10g당 265원)"},"stockInfo":{"logistics":true,"restockNotification":false,"soldOut":false}},{"action":{"event":{"url":"vp/products/8009070810/vendoritems/89463066217"},"logging":{"alwaysSentLiveLog":false,"bypass":{"clickSchemas":[{"id":"5104","mandatory":{"domain":"sdp","logCategory":"event","logType":"click","pageName":"option_list","eventName":"option_list_click","sdpVisitKey":"c8rp7xn6lq37w74be8","vendorItemId":89463066217,"vendorItemIdAttributes":"41g_16개_unitPrice:259_vendorItemPrice:16960_deliveryType:ROCKET_deliveryFee:0"},"version":"4"}],"exposureSchema":{"id":"5112","mandatory":{"logCategory":"impression","logType":"impression","pageName":"option_list","eventName":"option_list_item_impression","domain":"sdp","referSdpItem":"p8009070810_i22335878956_v89463005056","sdpVisitKey":"c8rp7xn6lq37w74be8","vendorItemId":"89463066217","vendorItemIdAttributes":"41g_16개_unitPrice:259_vendorItemPrice:16960_deliveryType:ROCKET_deliveryFee:0"},"version":"6"}}}},"deliveryInfo":{"deliveryBadge":{"height":16,"url":"https://image6.coupangcdn.com/image/coupang/rds/logo/hdpi/logo_rocket_medium.png","width":64},"deliveryDateColor":"GREEN","deliveryDateDescriptions":"내일(일) 11/10 도착 보장"},"itemBasicInfo":{"invalid":false,"itemId":22418305669,"itemName":"41g × 16개","vendorItemId":89463066217},"priceInfo":{"finalDeliveryDescription":"무료배송","finalPrice":"16,960원","finalUnitPrice":"(10g당 259원)"},"stockInfo":{"logistics":true,"restockNotification":false,"soldOut":false}},{"action":{"event":{"url":"vp/products/8009070810/vendoritems/89463066333"},"logging":{"alwaysSentLiveLog":false,"bypass":{"clickSchemas":[{"id":"5104","mandatory":{"domain":"sdp","logCategory":"event","logType":"click","pageName":"option_list","eventName":"option_list_click","sdpVisitKey":"c8rp7xn6lq37w74be8","vendorItemId":89463066333,"vendorItemIdAttributes":"41g_20개_unitPrice:259_vendorItemPrice:21200_deliveryType:ROCKET_deliveryFee:0"},"version":"4"}],"exposureSchema":{"id":"5112","mandatory":{"logCategory":"impression","logType":"impression","pageName":"option_list","eventName":"option_list_item_impression","domain":"sdp","referSdpItem":"p8009070810_i22335878956_v89463005056","sdpVisitKey":"c8rp7xn6lq37w74be8","vendorItemId":"89463066333","vendorItemIdAttributes":"41g_20개_unitPrice:259_vendorItemPrice:21200_deliveryType:ROCKET_deliveryFee:0"},"version":"6"}}}},"deliveryInfo":{"deliveryBadge":{"height":16,"url":"https://image6.coupangcdn.com/image/coupang/rds/logo/hdpi/logo_rocket_medium.png","width":64},"deliveryDateColor":"GREEN","deliveryDateDescriptions":"내일(일) 11/10 도착 보장"},"itemBasicInfo":{"invalid":false,"itemId":22418305739,"itemName":"41g × 20개","vendorItemId":89463066333},"priceInfo":{"finalDeliveryDescription":"무료배송","finalPrice":"21,200원","finalUnitPrice":"(10g당 259원)"},"stockInfo":{"logistics":true,"restockNotification":false,"soldOut":false}},{"action":{"event":{"url":"vp/products/8009070810/vendoritems/89463066340"},"logging":{"alwaysSentLiveLog":false,"bypass":{"clickSchemas":[{"id":"5104","mandatory":{"domain":"sdp","logCategory":"event","logType":"click","pageName":"option_list","eventName":"option_list_click","sdpVisitKey":"c8rp7xn6lq37w74be8","vendorItemId":89463066340,"vendorItemIdAttributes":"41g_24개_unitPrice:259_vendorItemPrice:25440_deliveryType:ROCKET_deliveryFee:0"},"version":"4"}],"exposureSchema":{"id":"5112","mandatory":{"logCategory":"impression","logType":"impression","pageName":"option_list","eventName":"option_list_item_impression","domain":"sdp","referSdpItem":"p8009070810_i22335878956_v89463005056","sdpVisitKey":"c8rp7xn6lq37w74be8","vendorItemId":"89463066340","vendorItemIdAttributes":"41g_24개_unitPrice:259_vendorItemPrice:25440_deliveryType:ROCKET_deliveryFee:0"},"version":"6"}}}},"deliveryInfo":{"deliveryBadge":{"height":16,"url":"https://image6.coupangcdn.com/image/coupang/rds/logo/hdpi/logo_rocket_medium.png","width":64},"deliveryDateColor":"GREEN","deliveryDateDescriptions":"내일(일) 11/10 도착 보장"},"itemBasicInfo":{"invalid":false,"itemId":22418305736,"itemName":"41g × 24개","vendorItemId":89463066340},"priceInfo":{"finalDeliveryDescription":"무료배송","finalPrice":"25,440원","finalUnitPrice":"(10g당 259원)"},"stockInfo":{"logistics":true,"restockNotification":false,"soldOut":false}},{"action":{"event":{"url":"vp/products/8009070810/vendoritems/91050795577"},"logging":{"alwaysSentLiveLog":false,"bypass":{"clickSchemas":[{"id":"5104","mandatory":{"domain":"sdp","logCategory":"event","logType":"click","pageName":"option_list","eventName":"option_list_click","sdpVisitKey":"c8rp7xn6lq37w74be8","vendorItemId":91050795577,"vendorItemIdAttributes":"49g_2개_unitPrice:589_vendorItemPrice:5770_deliveryType:3p_deliveryFee:0"},"version":"4"}],"exposureSchema":{"id":"5112","mandatory":{"logCategory":"impression","logType":"impression","pageName":"option_list","eventName":"option_list_item_impression","domain":"sdp","referSdpItem":"p8009070810_i22335878956_v89463005056","sdpVisitKey":"c8rp7xn6lq37w74be8","vendorItemId":"91050795577","vendorItemIdAttributes":"49g_2개_unitPrice:589_vendorItemPrice:5770_deliveryType:3p_deliveryFee:0"},"version":"6"}}}},"deliveryInfo":{"deliveryDateDescriptions":"수요일 11/13 도착 예정 (판매자배송)"},"itemBasicInfo":{"invalid":false,"itemId":22509621257,"itemName":"49g × 2개","vendorItemId":91050795577},"priceInfo":{"finalDeliveryDescription":"무료배송","finalPrice":"5,770원","finalUnitPrice":"(10g당 589원)"},"stockInfo":{"logistics":false,"restockNotification":false,"soldOut":false}},{"action":{"event":{"url":"vp/products/8009070810/vendoritems/90734949233"},"logging":{"alwaysSentLiveLog":false,"bypass":{"clickSchemas":[{"id":"5104","mandatory":{"domain":"sdp","logCategory":"event","logType":"click","pageName":"option_list","eventName":"option_list_click","sdpVisitKey":"c8rp7xn6lq37w74be8","vendorItemId":90734949233,"vendorItemIdAttributes":"49g_5개_unitPrice:359_vendorItemPrice:8800_deliveryType:3p_deliveryFee:0"},"version":"4"}],"exposureSchema":{"id":"5112","mandatory":{"logCategory":"impression","logType":"impression","pageName":"option_list","eventName":"option_list_item_impression","domain":"sdp","referSdpItem":"p8009070810_i22335878956_v89463005056","sdpVisitKey":"c8rp7xn6lq37w74be8","vendorItemId":"90734949233","vendorItemIdAttributes":"49g_5개_unitPrice:359_vendorItemPrice:8800_deliveryType:3p_deliveryFee:0"},"version":"6"}}}},"deliveryInfo":{"deliveryDateDescriptions":"수요일 11/13 도착 예정 (판매자배송)"},"itemBasicInfo":{"invalid":false,"itemId":22525736671,"itemName":"49g × 5개","vendorItemId":90734949233},"priceInfo":{"finalDeliveryDescription":"무료배송","finalPrice":"8,800원","finalUnitPrice":"(10g당 359원)"},"stockInfo":{"logistics":false,"restockNotification":false,"soldOut":false}},{"action":{"event":{"url":"vp/products/8009070810/vendoritems/90398049770"},"logging":{"alwaysSentLiveLog":false,"bypass":{"clickSchemas":[{"id":"5104","mandatory":{"domain":"sdp","logCategory":"event","logType":"click","pageName":"option_list","eventName":"option_list_click","sdpVisitKey":"c8rp7xn6lq37w74be8","vendorItemId":90398049770,"vendorItemIdAttributes":"49g_8개_unitPrice:359_vendorItemPrice:14060_deliveryType:3p_deliveryFee:0"},"version":"4"}],"exposureSchema":{"id":"5112","mandatory":{"logCategory":"impression","logType":"impression","pageName":"option_list","eventName":"option_list_item_impression","domain":"sdp","referSdpItem":"p8009070810_i22335878956_v89463005056","sdpVisitKey":"c8rp7xn6lq37w74be8","vendorItemId":"90398049770","vendorItemIdAttributes":"49g_8개_unitPrice:359_vendorItemPrice:14060_deliveryType:3p_deliveryFee:0"},"version":"6"}}}},"deliveryInfo":{"deliveryDateDescriptions":"수요일 11/13 도착 예정 (판매자배송)"},"itemBasicInfo":{"invalid":false,"itemId":22509621272,"itemName":"49g × 8개","vendorItemId":90398049770},"priceInfo":{"finalDeliveryDescription":"무료배송","finalPrice":"14,060원","finalUnitPrice":"(10g당 359원)"},"stockInfo":{"logistics":false,"restockNotification":false,"soldOut":false}},{"action":{"event":{"url":"vp/products/8009070810/vendoritems/91050813319"},"logging":{"alwaysSentLiveLog":false,"bypass":{"clickSchemas":[{"id":"5104","mandatory":{"domain":"sdp","logCategory":"event","logType":"click","pageName":"option_list","eventName":"option_list_click","sdpVisitKey":"c8rp7xn6lq37w74be8","vendorItemId":91050813319,"vendorItemIdAttributes":"49g_10개_unitPrice:331_vendorItemPrice:16220_deliveryType:3p_deliveryFee:0"},"version":"4"}],"exposureSchema":{"id":"5112","mandatory":{"logCategory":"impression","logType":"impression","pageName":"option_list","eventName":"option_list_item_impression","domain":"sdp","referSdpItem":"p8009070810_i22335878956_v89463005056","sdpVisitKey":"c8rp7xn6lq37w74be8","vendorItemId":"91050813319","vendorItemIdAttributes":"49g_10개_unitPrice:331_vendorItemPrice:16220_deliveryType:3p_deliveryFee:0"},"version":"6"}}}},"deliveryInfo":{"deliveryDateDescriptions":"화요일 11/12 도착 예정 (판매자배송)"},"itemBasicInfo":{"invalid":false,"itemId":22995752052,"itemName":"49g × 10개","vendorItemId":91050813319},"priceInfo":{"finalDeliveryDescription":"무료배송","finalPrice":"16,220원","finalUnitPrice":"(10g당 331원)"},"stockInfo":{"logistics":false,"restockNotification":false,"soldOut":false}},{"action":{"event":{"url":"vp/products/8009070810/vendoritems/90734949229"},"logging":{"alwaysSentLiveLog":false,"bypass":{"clickSchemas":[{"id":"5104","mandatory":{"domain":"sdp","logCategory":"event","logType":"click","pageName":"option_list","eventName":"option_list_click","sdpVisitKey":"c8rp7xn6lq37w74be8","vendorItemId":90734949229,"vendorItemIdAttributes":"49g_15개_unitPrice:327_vendorItemPrice:24020_deliveryType:3p_deliveryFee:0"},"version":"4"}],"exposureSchema":{"id":"5112","mandatory":{"logCategory":"impression","logType":"impression","pageName":"option_list","eventName":"option_list_item_impression","domain":"sdp","referSdpItem":"p8009070810_i22335878956_v89463005056","sdpVisitKey":"c8rp7xn6lq37w74be8","vendorItemId":"90734949229","vendorItemIdAttributes":"49g_15개_unitPrice:327_vendorItemPrice:24020_deliveryType:3p_deliveryFee:0"},"version":"6"}}}},"deliveryInfo":{"deliveryDateDescriptions":"수요일 11/13 도착 예정 (판매자배송)"},"itemBasicInfo":{"invalid":false,"itemId":22995752043,"itemName":"49g × 15개","vendorItemId":90734949229},"priceInfo":{"finalDeliveryDescription":"무료배송","finalPrice":"24,020원","finalUnitPrice":"(10g당 327원)"},"stockInfo":{"logistics":false,"restockNotification":false,"soldOut":false}},{"action":{"event":{"url":"vp/products/8009070810/vendoritems/89551713170"},"logging":{"alwaysSentLiveLog":false,"bypass":{"clickSchemas":[{"id":"5104","mandatory":{"domain":"sdp","logCategory":"event","logType":"click","pageName":"option_list","eventName":"option_list_click","sdpVisitKey":"c8rp7xn6lq37w74be8","vendorItemId":89551713170,"vendorItemIdAttributes":"49g_20개_unitPrice:319_vendorItemPrice:31250_deliveryType:3p_deliveryFee:0"},"version":"4"}],"exposureSchema":{"id":"5112","mandatory":{"logCategory":"impression","logType":"impression","pageName":"option_list","eventName":"option_list_item_impression","domain":"sdp","referSdpItem":"p8009070810_i22335878956_v89463005056","sdpVisitKey":"c8rp7xn6lq37w74be8","vendorItemId":"89551713170","vendorItemIdAttributes":"49g_20개_unitPrice:319_vendorItemPrice:31250_deliveryType:3p_deliveryFee:0"},"version":"6"}}}},"deliveryInfo":{"deliveryDateDescriptions":"화요일 11/12 도착 예정 (판매자배송)"},"itemBasicInfo":{"invalid":false,"itemId":22995513304,"itemName":"49g × 20개","vendorItemId":89551713170},"priceInfo":{"finalDeliveryDescription":"무료배송","finalPrice":"31,250원","finalUnitPrice":"(10g당 319원)"},"stockInfo":{"logistics":false,"restockNotification":false,"soldOut":false}},{"action":{"event":{"url":"vp/products/8009070810/vendoritems/91050795591"},"logging":{"alwaysSentLiveLog":false,"bypass":{"clickSchemas":[{"id":"5104","mandatory":{"domain":"sdp","logCategory":"event","logType":"click","pageName":"option_list","eventName":"option_list_click","sdpVisitKey":"c8rp7xn6lq37w74be8","vendorItemId":91050795591,"vendorItemIdAttributes":"49g_30개_unitPrice:249_vendorItemPrice:36630_deliveryType:3p_deliveryFee:0"},"version":"4"}],"exposureSchema":{"id":"5112","mandatory":{"logCategory":"impression","logType":"impression","pageName":"option_list","eventName":"option_list_item_impression","domain":"sdp","referSdpItem":"p8009070810_i22335878956_v89463005056","sdpVisitKey":"c8rp7xn6lq37w74be8","vendorItemId":"91050795591","vendorItemIdAttributes":"49g_30개_unitPrice:249_vendorItemPrice:36630_deliveryType:3p_deliveryFee:0"},"version":"6"}}}},"deliveryInfo":{"deliveryDateDescriptions":"화요일 11/12 도착 예정 (판매자배송)"},"itemBasicInfo":{"invalid":false,"itemId":22634220233,"itemName":"49g × 30개","vendorItemId":91050795591},"priceInfo":{"finalDeliveryDescription":"무료배송","finalPrice":"36,630원","finalUnitPrice":"(10g당 249원)"},"stockInfo":{"logistics":false,"restockNotification":false,"soldOut":false}},{"action":{"event":{"url":"vp/products/8009070810/vendoritems/89477692456"},"logging":{"alwaysSentLiveLog":false,"bypass":{"clickSchemas":[{"id":"5104","mandatory":{"domain":"sdp","logCategory":"event","logType":"click","pageName":"option_list","eventName":"option_list_click","sdpVisitKey":"c8rp7xn6lq37w74be8","vendorItemId":89477692456,"vendorItemIdAttributes":"164g_1개_unitPrice:402_vendorItemPrice:6600_deliveryType:3p_deliveryFee:0"},"version":"4"}],"exposureSchema":{"id":"5112","mandatory":{"logCategory":"impression","logType":"impression","pageName":"option_list","eventName":"option_list_item_impression","domain":"sdp","referSdpItem":"p8009070810_i22335878956_v89463005056","sdpVisitKey":"c8rp7xn6lq37w74be8","vendorItemId":"89477692456","vendorItemIdAttributes":"164g_1개_unitPrice:402_vendorItemPrice:6600_deliveryType:3p_deliveryFee:0"},"version":"6"}}}},"deliveryInfo":{"deliveryDateDescriptions":"수요일 11/13 도착 예정 (판매자배송)"},"itemBasicInfo":{"invalid":false,"itemId":22433069377,"itemName":"164g × 1개","vendorItemId":89477692456},"priceInfo":{"finalDeliveryDescription":"무료배송","finalPrice":"6,600원","finalUnitPrice":"(10g당 402원)"},"stockInfo":{"logistics":false,"restockNotification":false,"soldOut":false}},{"action":{"event":{"url":"vp/products/8009070810/vendoritems/89477692377"},"logging":{"alwaysSentLiveLog":false,"bypass":{"clickSchemas":[{"id":"5104","mandatory":{"domain":"sdp","logCategory":"event","logType":"click","pageName":"option_list","eventName":"option_list_click","sdpVisitKey":"c8rp7xn6lq37w74be8","vendorItemId":89477692377,"vendorItemIdAttributes":"164g_2개_unitPrice:353_vendorItemPrice:11570_deliveryType:3p_deliveryFee:0"},"version":"4"}],"exposureSchema":{"id":"5112","mandatory":{"logCategory":"impression","logType":"impression","pageName":"option_list","eventName":"option_list_item_impression","domain":"sdp","referSdpItem":"p8009070810_i22335878956_v89463005056","sdpVisitKey":"c8rp7xn6lq37w74be8","vendorItemId":"89477692377","vendorItemIdAttributes":"164g_2개_unitPrice:353_vendorItemPrice:11570_deliveryType:3p_deliveryFee:0"},"version":"6"}}}},"deliveryInfo":{"deliveryDateDescriptions":"수요일 11/13 도착 예정 (판매자배송)"},"itemBasicInfo":{"invalid":false,"itemId":22433069356,"itemName":"164g × 2개","vendorItemId":89477692377},"priceInfo":{"finalDeliveryDescription":"무료배송","finalPrice":"11,570원","finalUnitPrice":"(10g당 353원)"},"stockInfo":{"logistics":false,"restockNotification":false,"soldOut":false}},{"action":{"event":{"url":"vp/products/8009070810/vendoritems/89477692388"},"logging":{"alwaysSentLiveLog":false,"bypass":{"clickSchemas":[{"id":"5104","mandatory":{"domain":"sdp","logCategory":"event","logType":"click","pageName":"option_list","eventName":"option_list_click","sdpVisitKey":"c8rp7xn6lq37w74be8","vendorItemId":89477692388,"vendorItemIdAttributes":"164g_3개_unitPrice:325_vendorItemPrice:15970_deliveryType:3p_deliveryFee:0"},"version":"4"}],"exposureSchema":{"id":"5112","mandatory":{"logCategory":"impression","logType":"impression","pageName":"option_list","eventName":"option_list_item_impression","domain":"sdp","referSdpItem":"p8009070810_i22335878956_v89463005056","sdpVisitKey":"c8rp7xn6lq37w74be8","vendorItemId":"89477692388","vendorItemIdAttributes":"164g_3개_unitPrice:325_vendorItemPrice:15970_deliveryType:3p_deliveryFee:0"},"version":"6"}}}},"deliveryInfo":{"deliveryDateDescriptions":"수요일 11/13 도착 예정 (판매자배송)"},"itemBasicInfo":{"invalid":false,"itemId":22433069360,"itemName":"164g × 3개","vendorItemId":89477692388},"priceInfo":{"finalDeliveryDescription":"무료배송","finalPrice":"15,970원","finalUnitPrice":"(10g당 325원)"},"stockInfo":{"logistics":false,"restockNotification":false,"soldOut":false}},{"action":{"event":{"url":"vp/products/8009070810/vendoritems/89477692473"},"logging":{"alwaysSentLiveLog":false,"bypass":{"clickSchemas":[{"id":"5104","mandatory":{"domain":"sdp","logCategory":"event","logType":"click","pageName":"option_list","eventName":"option_list_click","sdpVisitKey":"c8rp7xn6lq37w74be8","vendorItemId":89477692473,"vendorItemIdAttributes":"164g_4개_unitPrice:313_vendorItemPrice:20500_deliveryType:3p_deliveryFee:0"},"version":"4"}],"exposureSchema":{"id":"5112","mandatory":{"logCategory":"impression","logType":"impression","pageName":"option_list","eventName":"option_list_item_impression","domain":"sdp","referSdpItem":"p8009070810_i22335878956_v89463005056","sdpVisitKey":"c8rp7xn6lq37w74be8","vendorItemId":"89477692473","vendorItemIdAttributes":"164g_4개_unitPrice:313_vendorItemPrice:20500_deliveryType:3p_deliveryFee:0"},"version":"6"}}}},"deliveryInfo":{"deliveryDateDescriptions":"수요일 11/13 도착 예정 (판매자배송)"},"itemBasicInfo":{"invalid":false,"itemId":22433069383,"itemName":"164g × 4개","vendorItemId":89477692473},"priceInfo":{"finalDeliveryDescription":"무료배송","finalPrice":"20,500원","finalUnitPrice":"(10g당 313원)"},"stockInfo":{"logistics":false,"restockNotification":false,"soldOut":false}},{"action":{"event":{"url":"vp/products/8009070810/vendoritems/89477692442"},"logging":{"alwaysSentLiveLog":false,"bypass":{"clickSchemas":[{"id":"5104","mandatory":{"domain":"sdp","logCategory":"event","logType":"click","pageName":"option_list","eventName":"option_list_click","sdpVisitKey":"c8rp7xn6lq37w74be8","vendorItemId":89477692442,"vendorItemIdAttributes":"164g_5개_unitPrice:307_vendorItemPrice:25200_deliveryType:3p_deliveryFee:0"},"version":"4"}],"exposureSchema":{"id":"5112","mandatory":{"logCategory":"impression","logType":"impression","pageName":"option_list","eventName":"option_list_item_impression","domain":"sdp","referSdpItem":"p8009070810_i22335878956_v89463005056","sdpVisitKey":"c8rp7xn6lq37w74be8","vendorItemId":"89477692442","vendorItemIdAttributes":"164g_5개_unitPrice:307_vendorItemPrice:25200_deliveryType:3p_deliveryFee:0"},"version":"6"}}}},"deliveryInfo":{"deliveryDateDescriptions":"수요일 11/13 도착 예정 (판매자배송)"},"itemBasicInfo":{"invalid":false,"itemId":22433069375,"itemName":"164g × 5개","vendorItemId":89477692442},"priceInfo":{"finalDeliveryDescription":"무료배송","finalPrice":"25,200원","finalUnitPrice":"(10g당 307원)"},"stockInfo":{"logistics":false,"restockNotification":false,"soldOut":false}},{"action":{"event":{"url":"vp/products/8009070810/vendoritems/89477692434"},"logging":{"alwaysSentLiveLog":false,"bypass":{"clickSchemas":[{"id":"5104","mandatory":{"domain":"sdp","logCategory":"event","logType":"click","pageName":"option_list","eventName":"option_list_click","sdpVisitKey":"c8rp7xn6lq37w74be8","vendorItemId":89477692434,"vendorItemIdAttributes":"164g_6개_unitPrice:301_vendorItemPrice:29600_deliveryType:3p_deliveryFee:0"},"version":"4"}],"exposureSchema":{"id":"5112","mandatory":{"logCategory":"impression","logType":"impression","pageName":"option_list","eventName":"option_list_item_impression","domain":"sdp","referSdpItem":"p8009070810_i22335878956_v89463005056","sdpVisitKey":"c8rp7xn6lq37w74be8","vendorItemId":"89477692434","vendorItemIdAttributes":"164g_6개_unitPrice:301_vendorItemPrice:29600_deliveryType:3p_deliveryFee:0"},"version":"6"}}}},"deliveryInfo":{"deliveryDateDescriptions":"수요일 11/13 도착 예정 (판매자배송)"},"itemBasicInfo":{"invalid":false,"itemId":22433069371,"itemName":"164g × 6개","vendorItemId":89477692434},"priceInfo":{"finalDeliveryDescription":"무료배송","finalPrice":"29,600원","finalUnitPrice":"(10g당 301원)"},"stockInfo":{"logistics":false,"restockNotification":false,"soldOut":false}},{"action":{"event":{"url":"vp/products/8009070810/vendoritems/89477692465"},"logging":{"alwaysSentLiveLog":false,"bypass":{"clickSchemas":[{"id":"5104","mandatory":{"domain":"sdp","logCategory":"event","logType":"click","pageName":"option_list","eventName":"option_list_click","sdpVisitKey":"c8rp7xn6lq37w74be8","vendorItemId":89477692465,"vendorItemIdAttributes":"164g_8개_unitPrice:294_vendorItemPrice:38600_deliveryType:3p_deliveryFee:0"},"version":"4"}],"exposureSchema":{"id":"5112","mandatory":{"logCategory":"impression","logType":"impression","pageName":"option_list","eventName":"option_list_item_impression","domain":"sdp","referSdpItem":"p8009070810_i22335878956_v89463005056","sdpVisitKey":"c8rp7xn6lq37w74be8","vendorItemId":"89477692465","vendorItemIdAttributes":"164g_8개_unitPrice:294_vendorItemPrice:38600_deliveryType:3p_deliveryFee:0"},"version":"6"}}}},"deliveryInfo":{"deliveryDateDescriptions":"수요일 11/13 도착 예정 (판매자배송)"},"itemBasicInfo":{"invalid":false,"itemId":22433069380,"itemName":"164g × 8개","vendorItemId":89477692465},"priceInfo":{"finalDeliveryDescription":"무료배송","finalPrice":"38,600원","finalUnitPrice":"(10g당 294원)"},"stockInfo":{"logistics":false,"restockNotification":false,"soldOut":false}},{"action":{"event":{"url":"vp/products/8009070810/vendoritems/89477692421"},"logging":{"alwaysSentLiveLog":false,"bypass":{"clickSchemas":[{"id":"5104","mandatory":{"domain":"sdp","logCategory":"event","logType":"click","pageName":"option_list","eventName":"option_list_click","sdpVisitKey":"c8rp7xn6lq37w74be8","vendorItemId":89477692421,"vendorItemIdAttributes":"164g_10개_unitPrice:291_vendorItemPrice:47800_deliveryType:3p_deliveryFee:0"},"version":"4"}],"exposureSchema":{"id":"5112","mandatory":{"logCategory":"impression","logType":"impression","pageName":"option_list","eventName":"option_list_item_impression","domain":"sdp","referSdpItem":"p8009070810_i22335878956_v89463005056","sdpVisitKey":"c8rp7xn6lq37w74be8","vendorItemId":"89477692421","vendorItemIdAttributes":"164g_10개_unitPrice:291_vendorItemPrice:47800_deliveryType:3p_deliveryFee:0"},"version":"6"}}}},"deliveryInfo":{"deliveryDateDescriptions":"수요일 11/13 도착 예정 (판매자배송)"},"itemBasicInfo":{"invalid":false,"itemId":22433069369,"itemName":"164g × 10개","vendorItemId":89477692421},"priceInfo":{"finalDeliveryDescription":"무료배송","finalPrice":"47,800원","finalUnitPrice":"(10g당 291원)"},"stockInfo":{"logistics":false,"restockNotification":false,"soldOut":false}},{"action":{"event":{"url":"vp/products/8009070810/vendoritems/89477692408"},"logging":{"alwaysSentLiveLog":false,"bypass":{"clickSchemas":[{"id":"5104","mandatory":{"domain":"sdp","logCategory":"event","logType":"click","pageName":"option_list","eventName":"option_list_click","sdpVisitKey":"c8rp7xn6lq37w74be8","vendorItemId":89477692408,"vendorItemIdAttributes":"164g_12개_unitPrice:264_vendorItemPrice:52000_deliveryType:3p_deliveryFee:0"},"version":"4"}],"exposureSchema":{"id":"5112","mandatory":{"logCategory":"impression","logType":"impression","pageName":"option_list","eventName":"option_list_item_impression","domain":"sdp","referSdpItem":"p8009070810_i22335878956_v89463005056","sdpVisitKey":"c8rp7xn6lq37w74be8","vendorItemId":"89477692408","vendorItemIdAttributes":"164g_12개_unitPrice:264_vendorItemPrice:52000_deliveryType:3p_deliveryFee:0"},"version":"6"}}}},"deliveryInfo":{"deliveryDateDescriptions":"수요일 11/13 도착 예정 (판매자배송)"},"itemBasicInfo":{"invalid":false,"itemId":22433069364,"itemName":"164g × 12개","vendorItemId":89477692408},"priceInfo":{"finalDeliveryDescription":"무료배송","finalPrice":"52,000원","finalUnitPrice":"(10g당 264원)"},"stockInfo":{"logistics":false,"restockNotification":false,"soldOut":false}}],"titleName":"개당 중량 × 수량","viewType":"PRODUCT_DETAIL_OPTION_LIST"},{"deliveryInfo":{"nonMemberDelivery":{"arrivalMessage":[{"color":"#00891A","size":14,"text":"내일(일) 11/10"},{"color":"#00891A","size":14,"text":" 도착 보장"}],"deliveryBadge":{"height":16,"url":"https://image6.coupangcdn.com/image/coupang/rds/logo/hdpi/logo_rocket_medium.png","width":64},"shippingFeeTag":[{"bold":true,"color":"#212B36","size":14,"text":"무료배송"},{"color":"#222222","size":14,"text":" "},{"color":"#212B36","size":14,"text":"(로켓배송 상품 19,800원 이상 구매 시 구매 가능)"}]},"wowMemberDelivery":{"arrivalMessage":[{"color":"#00891A","size":14,"text":"내일(일) 11/10"},{"color":"#00891A","size":14,"text":" 도착 보장"}],"deliveryBadge":{"height":16,"url":"https://image6.coupangcdn.com/image/coupang/rds/logo/hdpi/logo_rocket_medium.png","width":64},"shippingFeeTag":[{"bold":true,"color":"#212B36","size":14,"text":"무료배송"},{"color":"#222222","size":14,"text":" "},{"color":"#212B36","size":14,"text":"(로켓배송 상품 19,800원 이상 구매 시 구매 가능)"}]}},"itemInfo":{"itemId":22335878956,"itemName":"해태제과 홈런볼 소금 우유","productId":8009070810,"thumbnailImage":{"height":60,"url":"https://image9.coupangcdn.com/image/retail/images/2024/04/10/15/1/1e559580-921f-4b51-b9e7-225479eaccf5.jpg","width":60},"vendorItemId":89463005056},"priceInfo":{"finalPrice":{"applicable":true,"displayPrice":"4,350원","price":4350},"finalPriceDiscountRate":2,"originalPrice":{"applicable":true,"displayPrice":"4,440원","price":4440}},"viewType":"PRODUCT_DETAIL_HANDLEBAR_BASE_INFO"},{"pddList":[{"arrivalMessage":"내일(일) 11/10 도착 보장","arrivalMessagePostfix":"(서울·경기 기준)","deliveryBadge":{"height":20,"url":"https://image6.coupangcdn.com/image/coupang/rds/logo/hdpi/logo_rocket_symbol_large.png","width":20},"deliveryBadgeLabel":"로켓배송","deliveryBadgeV2":{"height":16,"url":"https://image6.coupangcdn.com/image/coupang/rds/logo/hdpi/logo_rocket_medium.png","width":64},"deliveryType":"ROCKET"}],"viewType":"PRODUCT_DETAIL_DELIVERY_INFO"},{"viewType":"PRODUCT_DETAIL_SELLER_INFO"}],"freebieBenefit":null,"deliveryList":[{"type":"ROCKET_DELIVERY","title":null,"speedType":null,"rocketWowQuestionMark":false,"loyaltyButtonText":null,"logistics":true,"hideQuestionMark":false,"extremeDescriptions":null,"descriptions":"\u003Cem class=\u0027prod-txt-onyx prod-txt-green-normal\u0027\u003E내일(일) 11/10\u003C/em\u003E\u003Cem class=\u0027prod-txt-onyx prod-txt-green-normal\u0027\u003E 도착 보장\u003C/em\u003E","descriptionIcon":null,"descriptionBadge":null,"deliveryReminderMessage":null,"deliveryNotice":null,"deliveryExtraInfo":null,"delayMessage":null,"countDownMillisecond":null,"countDownMessage":null,"companyLabel":null,"company":null,"badgeUrl":"https://image6.coupangcdn.com/image/cmg/icon/ios/logo_rocket_large@3x.png"},{"type":"ROCKET_DELIVERY","title":null,"speedType":null,"rocketWowQuestionMark":false,"loyaltyButtonText":null,"logistics":true,"hideQuestionMark":false,"extremeDescriptions":null,"descriptions":"\u003Cem class=\u0027prod-txt-onyx prod-txt-green-normal\u0027\u003E내일(일) 11/10\u003C/em\u003E\u003Cem class=\u0027prod-txt-onyx prod-txt-green-normal\u0027\u003E 도착 보장\u003C/em\u003E","descriptionIcon":null,"descriptionBadge":null,"deliveryReminderMessage":null,"deliveryNotice":null,"deliveryExtraInfo":null,"delayMessage":null,"countDownMillisecond":null,"countDownMessage":null,"companyLabel":null,"company":null,"badgeUrl":"https://image6.coupangcdn.com/image/cmg/icon/ios/logo_rocket_large@3x.png"}],"delivery":{"type":"ROCKET_DELIVERY","title":null,"speedType":null,"rocketWowQuestionMark":false,"loyaltyButtonText":null,"logistics":true,"hideQuestionMark":false,"extremeDescriptions":null,"descriptions":"\u003Cem class=\u0027prod-txt-onyx prod-txt-green-normal\u0027\u003E내일(일) 11/10\u003C/em\u003E\u003Cem class=\u0027prod-txt-onyx prod-txt-green-normal\u0027\u003E 도착 보장\u003C/em\u003E","descriptionIcon":null,"descriptionBadge":null,"deliveryReminderMessage":null,"deliveryNotice":null,"deliveryExtraInfo":null,"delayMessage":null,"countDownMillisecond":null,"countDownMessage":null,"companyLabel":null,"company":null,"badgeUrl":"https://image6.coupangcdn.com/image/cmg/icon/ios/logo_rocket_large@3x.png"},"cashBackSummary":{"targetedPromotionBanner":null,"rewardCashAmount":null,"popupType":"WITHEXTRA","luxuryItem":false,"i18nRewardCashAmount":null,"i18nFinalCashBackAmtIncludeRewardCashAmount":{"rawAmount":218,"fractionDigits":0,"currency":"KRW","amount":"218"},"i18nFinalCashBackAmt":{"rawAmount":218,"fractionDigits":0,"currency":"KRW","amount":"218"},"i18nCouPayMoneyAmt":{"rawAmount":174,"fractionDigits":0,"currency":"KRW","amount":"174"},"i18nCouPayBankAmt":{"rawAmount":87,"fractionDigits":0,"currency":"KRW","amount":"87"},"i18nClubMemberCashAmt":null,"i18nBasicRocketPayCashAmt":{"rawAmount":44,"fractionDigits":0,"currency":"KRW","amount":"44"},"finalCashBackAmtIncludeRewardCashAmount":218,"finalCashBackAmt":218,"extraCashBackList":[{"validity":"이벤트 기간 30일, 최대 2만원","type":"COU_BANK","rate":"2","leftDays":2302,"i18nAmount":{"rawAmount":87,"fractionDigits":0,"currency":"KRW","amount":"87"},"expired":false,"benefit":"[로켓와우 + 쿠페이 계좌이체] 결제 시 2% 적립","amount":87},{"validity":"이벤트 기간 30일, 최대 4만원","type":"COU_MONEY","rate":"4","leftDays":2302,"i18nAmount":{"rawAmount":174,"fractionDigits":0,"currency":"KRW","amount":"174"},"expired":false,"benefit":"[로켓와우 + 쿠페이 머니] 결제 시 4% 추가적립","amount":174}],"couPayMoneyRate":"4","couPayMoneyLeftDays":2302,"couPayMoneyExpires":false,"couPayMoneyAmt":174,"couPayBankRate":"2","couPayBankLeftDays":2302,"couPayBankExpires":false,"couPayBankAmt":87,"clubMemberRewardLeftDays":null,"clubMemberRewardExpiryTime":null,"clubMemberRewardExpires":null,"clubMemberRate":null,"clubMemberCashAmt":null,"cashWidgetIconUrl":"https://image6.coupangcdn.com/image/badges/sdp/cashback/web/cash-icon@2x.png","cashIconUrl":"https://image6.coupangcdn.com/image/badges/cashback/web/list-cash-icon@2x.png","cashBackTitle":"캐시적립 혜택","basicRocketPayRate":"1","basicRocketPayCashAmt":44,"basicCashBackList":[{"validity":"월 최대 1만원","type":"BASIC","rate":"1","leftDays":null,"i18nAmount":{"rawAmount":44,"fractionDigits":0,"currency":"KRW","amount":"44"},"expired":false,"benefit":"쿠페이 머니 결제 시 1% 적립","amount":44}]},"bundleOption":null,"benefitDisplayType":null,"appliedCoupon":null,"abFlags":{"applyExtremeProminenceFreeDeliveryMessages":"A","jikgu1PWarrantyAB":"NOT_APPLICABLE","ab54632":"B"}}],"preOrderVo":null,"otherSellerCount":9,"offerDescription":null,"offerBanner":null,"memberInfo":null,"luxuryDiscountBenefit":null,"linkedVendorItemInfo":null,"limitNoticeVo":null,"itemName":"해태제과 홈런볼 소금 우유, 41g, 4개","itemId":22335878956,"inventory":null,"invalid":false,"images":[{"thumbnailImage":"//thumbnail9.coupangcdn.com/thumbnails/remote/48x48ex/image/retail/images/2024/04/10/15/1/1e559580-921f-4b51-b9e7-225479eaccf5.jpg","preloadImage":"//thumbnail9.coupangcdn.com/thumbnails/remote/230x230ex/image/retail/images/2024/04/10/15/1/1e559580-921f-4b51-b9e7-225479eaccf5.jpg","origin":"//image9.coupangcdn.com/image/retail/images/2024/04/10/15/1/1e559580-921f-4b51-b9e7-225479eaccf5.jpg","detailImage":"//thumbnail9.coupangcdn.com/thumbnails/remote/1500x1500ex/image/retail/images/2024/04/10/15/1/1e559580-921f-4b51-b9e7-225479eaccf5.jpg"},{"thumbnailImage":"//thumbnail7.coupangcdn.com/thumbnails/remote/48x48ex/image/retail/images/2024/04/10/15/6/fcb0b460-bd44-4d29-aa72-aa57cd47f66e.png","preloadImage":"//thumbnail7.coupangcdn.com/thumbnails/remote/230x230ex/image/retail/images/2024/04/10/15/6/fcb0b460-bd44-4d29-aa72-aa57cd47f66e.png","origin":"//image7.coupangcdn.com/image/retail/images/2024/04/10/15/6/fcb0b460-bd44-4d29-aa72-aa57cd47f66e.png","detailImage":"//thumbnail7.coupangcdn.com/thumbnails/remote/1500x1500ex/image/retail/images/2024/04/10/15/6/fcb0b460-bd44-4d29-aa72-aa57cd47f66e.png"},{"thumbnailImage":"//thumbnail7.coupangcdn.com/thumbnails/remote/48x48ex/image/retail/images/2024/04/10/15/2/d497cfde-b0ff-417a-8aa3-697238158fa4.png","preloadImage":"//thumbnail7.coupangcdn.com/thumbnails/remote/230x230ex/image/retail/images/2024/04/10/15/2/d497cfde-b0ff-417a-8aa3-697238158fa4.png","origin":"//image7.coupangcdn.com/image/retail/images/2024/04/10/15/2/d497cfde-b0ff-417a-8aa3-697238158fa4.png","detailImage":"//thumbnail7.coupangcdn.com/thumbnails/remote/1500x1500ex/image/retail/images/2024/04/10/15/2/d497cfde-b0ff-417a-8aa3-697238158fa4.png"},{"thumbnailImage":"//thumbnail9.coupangcdn.com/thumbnails/remote/48x48ex/image/retail/images/2024/04/10/15/3/4c628f66-e6d2-4639-b0d0-e57d5047efd5.png","preloadImage":"//thumbnail9.coupangcdn.com/thumbnails/remote/230x230ex/image/retail/images/2024/04/10/15/3/4c628f66-e6d2-4639-b0d0-e57d5047efd5.png","origin":"//image9.coupangcdn.com/image/retail/images/2024/04/10/15/3/4c628f66-e6d2-4639-b0d0-e57d5047efd5.png","detailImage":"//thumbnail9.coupangcdn.com/thumbnails/remote/1500x1500ex/image/retail/images/2024/04/10/15/3/4c628f66-e6d2-4639-b0d0-e57d5047efd5.png"},{"thumbnailImage":"//thumbnail8.coupangcdn.com/thumbnails/remote/48x48ex/image/retail/images/2024/04/10/15/5/125934e4-004b-43f2-ae73-0829e277ee19.png","preloadImage":"//thumbnail8.coupangcdn.com/thumbnails/remote/230x230ex/image/retail/images/2024/04/10/15/5/125934e4-004b-43f2-ae73-0829e277ee19.png","origin":"//image8.coupangcdn.com/image/retail/images/2024/04/10/15/5/125934e4-004b-43f2-ae73-0829e277ee19.png","detailImage":"//thumbnail8.coupangcdn.com/thumbnails/remote/1500x1500ex/image/retail/images/2024/04/10/15/5/125934e4-004b-43f2-ae73-0829e277ee19.png"}],"goldFish":false,"giftcard":false,"freshEligible":false,"easePayment":null,"discountBenefitDescriptionList":null,"discountBenefitDescription":null,"deliveryAttribute":false,"dawnOnly":false,"couponList":null,"ccidInfo":null,"ccidEligible":false,"cashBackSummary":null,"buyableQuantity":100,"bundleOption":null,"blockInfo":null,"bizBadge":null,"badgeMap":{},"authors":null,"attributeTitle":null,"apiUrlMap":{"addToCartUrl":"coupang://addCart?itemId=22335878956\u0026productId=8009070810\u0026vendorItemId=89463005056\u0026sourceType=offerDetail\u0026price=4350\u0026sdpVisitKey=\u0026isLoser=false\u0026offerStatus=NEW","shippingConsolidationUrl":null},"almostSoldOut":false},"3558240155,1626146208":{"wishList":false,"warrantyServiceVo":null,"vendorItemId":89477692465,"vendor":null,"used":false,"topSellingInfo":null,"supplier":null,"subscribeInfo":null,"stickBanners":null,"soldOut":false,"shippingConsolidationLink":null,"sellingInfoVo":null,"ruleBasedTitle":null,"roleCode":null,"rocketLuxuryDisclaimer":null,"retail":false,"restockNotification":false,"quantityBase":[{"wowOnlyInstantDiscountRate":0,"subscriptionPriceList":[],"subscriptionPrice":null,"subscriptionDiscountRate":-1,"subscriptionDelivery":null,"shippingFeeList":[{"titleIcon":null,"title":null,"shippingFeeType":"FREE","shippingFeeIcon":null,"shippingFee":null,"returnFeeMessage":null,"popupFreeShippingConditionMessage":null,"message":"\u003Cem class=\u0027prod-txt-bold\u0027\u003E무료배송\u003C/em\u003E","freeShippingConditionMessage":null,"extremeMessage":null,"dividerIcon":null}],"shippingFee":{"titleIcon":null,"title":null,"shippingFeeType":"FREE","shippingFeeIcon":null,"shippingFee":"0","returnFeeMessage":null,"popupFreeShippingConditionMessage":null,"message":"\u003Cem class=\u0027prod-txt-bold\u0027\u003E무료배송\u003C/em\u003E","freeShippingConditionMessage":null,"extremeMessage":null,"dividerIcon":null},"shipmentDisplayType":"NORMAL","selectedIndex":0,"quantityLimitationVO":null,"quantity":1,"priceUnit":"원","priceList":[{"wowCouponDiscount":false,"unitPrice":"10g당 294원","unitDiscountRate":null,"type":"SALES","title":"쿠팡판매가","saleUnitPrice":null,"salePriceTitle":null,"salePrice":null,"priceAmount":"38,600","originalPriceDesc":null,"originPrice":null,"loyaltyRegistrationUrl":null,"loyaltyButtonText":null,"instantPriceType":null,"instantDiscount":null,"i18nSalePrice":null,"i18nPriceAmount":{"rawAmount":null,"fractionDigits":0,"currency":"KRW","amount":"38600"},"i18nOriginPrice":null,"i18nCouponPrice":null,"i18nCouponDiscountAmount":null,"hasWowInstantDiscount":false,"hasWowCouponDiscount":false,"hasNormalInstantDiscount":false,"hasNormalCouponDiscount":false,"gppuPricePolicy":null,"finalPrice":null,"discountRate":null,"description":null,"couponUnitPrice":null,"couponPriceTitle":null,"couponPrice":null,"couponDiscountAmount":null,"cashPromotionMessage":null}],"price":{"wowCouponDiscount":false,"unitPrice":null,"unitDiscountRate":null,"type":null,"title":null,"saleUnitPrice":"10g당 294원","salePriceTitle":"","salePrice":"38,600","priceAmount":null,"originalPriceDesc":"","originPrice":null,"loyaltyRegistrationUrl":null,"loyaltyButtonText":null,"instantPriceType":null,"instantDiscount":false,"i18nSalePrice":{"rawAmount":null,"fractionDigits":0,"currency":"KRW","amount":"38600"},"i18nPriceAmount":null,"i18nOriginPrice":null,"i18nCouponPrice":{"rawAmount":null,"fractionDigits":0,"currency":"KRW","amount":"38600"},"i18nCouponDiscountAmount":null,"hasWowInstantDiscount":false,"hasWowCouponDiscount":false,"hasNormalInstantDiscount":false,"hasNormalCouponDiscount":false,"gppuPricePolicy":null,"finalPrice":"38,600","discountRate":null,"description":null,"couponUnitPrice":"10g당 294원","couponPriceTitle":"","couponPrice":"38,600","couponDiscountAmount":null,"cashPromotionMessage":null},"moduleData":null,"freebieBenefit":null,"deliveryList":[{"type":"VENDOR_DELIVERY","title":null,"speedType":null,"rocketWowQuestionMark":false,"loyaltyButtonText":null,"logistics":false,"hideQuestionMark":false,"extremeDescriptions":null,"descriptions":"\u003Cem class=\u0027prod-txt-onyx prod-txt-font-14\u0027\u003E수요일 11/13\u003C/em\u003E\u003Cem class=\u0027prod-txt-onyx\u0027\u003E 도착 예정 (판매자배송)\u003C/em\u003E","descriptionIcon":null,"descriptionBadge":null,"deliveryReminderMessage":null,"deliveryNotice":null,"deliveryExtraInfo":null,"delayMessage":null,"countDownMillisecond":null,"countDownMessage":null,"companyLabel":null,"company":null,"badgeUrl":null}],"delivery":{"type":"VENDOR_DELIVERY","title":null,"speedType":null,"rocketWowQuestionMark":false,"loyaltyButtonText":null,"logistics":false,"hideQuestionMark":false,"extremeDescriptions":null,"descriptions":"\u003Cem class=\u0027prod-txt-onyx prod-txt-font-14\u0027\u003E수요일 11/13\u003C/em\u003E\u003Cem class=\u0027prod-txt-onyx\u0027\u003E 도착 예정 (판매자배송)\u003C/em\u003E","descriptionIcon":null,"descriptionBadge":null,"deliveryReminderMessage":null,"deliveryNotice":null,"deliveryExtraInfo":null,"delayMessage":null,"countDownMillisecond":null,"countDownMessage":null,"companyLabel":null,"company":null,"badgeUrl":null},"cashBackSummary":null,"bundleOption":null,"benefitDisplayType":null,"appliedCoupon":null,"abFlags":{"applyExtremeProminenceFreeDeliveryMessages":"A","jikgu1PWarrantyAB":"NOT_APPLICABLE"}}],"preOrderVo":null,"otherSellerCount":null,"offerDescription":null,"offerBanner":null,"memberInfo":null,"luxuryDiscountBenefit":null,"linkedVendorItemInfo":null,"limitNoticeVo":null,"itemName":"해태 홈런볼 소금우유 (+물티슈10매증정), 164g, 8개","itemId":22433069380,"inventory":null,"invalid":false,"images":[{"thumbnailImage":"//thumbnail7.coupangcdn.com/thumbnails/remote/48x48ex/image/vendor_inventory/b3cb/f67c84353506ba2811456cdfa047b675096acbbd476d7840887caaf4bf15.jpg","preloadImage":"//thumbnail7.coupangcdn.com/thumbnails/remote/230x230ex/image/vendor_inventory/b3cb/f67c84353506ba2811456cdfa047b675096acbbd476d7840887caaf4bf15.jpg","origin":"//image7.coupangcdn.com/image/vendor_inventory/b3cb/f67c84353506ba2811456cdfa047b675096acbbd476d7840887caaf4bf15.jpg","detailImage":"//thumbnail7.coupangcdn.com/thumbnails/remote/1500x1500ex/image/vendor_inventory/b3cb/f67c84353506ba2811456cdfa047b675096acbbd476d7840887caaf4bf15.jpg"}],"goldFish":false,"giftcard":false,"freshEligible":false,"easePayment":null,"discountBenefitDescriptionList":null,"discountBenefitDescription":null,"deliveryAttribute":false,"dawnOnly":false,"couponList":null,"ccidInfo":null,"ccidEligible":false,"cashBackSummary":null,"buyableQuantity":50,"bundleOption":null,"blockInfo":null,"bizBadge":null,"badgeMap":{},"authors":null,"attributeTitle":null,"apiUrlMap":{"addToCartUrl":"coupang://addCart?itemId=22433069380\u0026productId=8009070810\u0026vendorItemId=89477692465\u0026sourceType=offerDetail\u0026price=38600\u0026sdpVisitKey=\u0026isLoser=false\u0026offerStatus=NEW","shippingConsolidationUrl":null},"almostSoldOut":false},"3162826271,1626146115":{"wishList":false,"warrantyServiceVo":null,"vendorItemId":90734949233,"vendor":null,"used":false,"topSellingInfo":null,"supplier":null,"subscribeInfo":null,"stickBanners":null,"soldOut":false,"shippingConsolidationLink":null,"sellingInfoVo":null,"ruleBasedTitle":null,"roleCode":null,"rocketLuxuryDisclaimer":null,"retail":false,"restockNotification":false,"quantityBase":[{"wowOnlyInstantDiscountRate":0,"subscriptionPriceList":[],"subscriptionPrice":null,"subscriptionDiscountRate":-1,"subscriptionDelivery":null,"shippingFeeList":[{"titleIcon":null,"title":null,"shippingFeeType":"FREE","shippingFeeIcon":null,"shippingFee":null,"returnFeeMessage":null,"popupFreeShippingConditionMessage":null,"message":"\u003Cem class=\u0027prod-txt-bold\u0027\u003E무료배송\u003C/em\u003E","freeShippingConditionMessage":null,"extremeMessage":null,"dividerIcon":null}],"shippingFee":{"titleIcon":null,"title":null,"shippingFeeType":"FREE","shippingFeeIcon":null,"shippingFee":"0","returnFeeMessage":null,"popupFreeShippingConditionMessage":null,"message":"\u003Cem class=\u0027prod-txt-bold\u0027\u003E무료배송\u003C/em\u003E","freeShippingConditionMessage":null,"extremeMessage":null,"dividerIcon":null},"shipmentDisplayType":"NORMAL","selectedIndex":0,"quantityLimitationVO":null,"quantity":1,"priceUnit":"원","priceList":[{"wowCouponDiscount":false,"unitPrice":"10g당 359원","unitDiscountRate":null,"type":"SALES","title":"쿠팡판매가","saleUnitPrice":null,"salePriceTitle":null,"salePrice":null,"priceAmount":"8,800","originalPriceDesc":null,"originPrice":null,"loyaltyRegistrationUrl":null,"loyaltyButtonText":null,"instantPriceType":null,"instantDiscount":null,"i18nSalePrice":null,"i18nPriceAmount":{"rawAmount":null,"fractionDigits":0,"currency":"KRW","amount":"8800"},"i18nOriginPrice":null,"i18nCouponPrice":null,"i18nCouponDiscountAmount":null,"hasWowInstantDiscount":false,"hasWowCouponDiscount":false,"hasNormalInstantDiscount":false,"hasNormalCouponDiscount":false,"gppuPricePolicy":null,"finalPrice":null,"discountRate":null,"description":null,"couponUnitPrice":null,"couponPriceTitle":null,"couponPrice":null,"couponDiscountAmount":null,"cashPromotionMessage":null}],"price":{"wowCouponDiscount":false,"unitPrice":null,"unitDiscountRate":null,"type":null,"title":null,"saleUnitPrice":"10g당 359원","salePriceTitle":"","salePrice":"8,800","priceAmount":null,"originalPriceDesc":null,"originPrice":"9,650","loyaltyRegistrationUrl":null,"loyaltyButtonText":null,"instantPriceType":null,"instantDiscount":false,"i18nSalePrice":{"rawAmount":null,"fractionDigits":0,"currency":"KRW","amount":"8800"},"i18nPriceAmount":null,"i18nOriginPrice":{"rawAmount":null,"fractionDigits":0,"currency":"KRW","amount":"9650"},"i18nCouponPrice":{"rawAmount":null,"fractionDigits":0,"currency":"KRW","amount":"8800"},"i18nCouponDiscountAmount":null,"hasWowInstantDiscount":false,"hasWowCouponDiscount":false,"hasNormalInstantDiscount":false,"hasNormalCouponDiscount":false,"gppuPricePolicy":[{"priceInfo":"\u003Cspan class=\u0027discount-rate\u0027\u003E8%\u003C/span\u003E\u003Cspan class=\u0027origin-price\u0027\u003E9,650원\u003C/span\u003E","description":"업체의 권장소비자가 또는 공식 판매처 판매가 또는 도서 정가(도서 정가제 대상인 경우)입니다. 해당 가격이 없는 경우 90일 내 쿠팡에서 판매된 가격 중 가장 높은 가격을 표시합니다."}],"finalPrice":"8,800","discountRate":"8","description":null,"couponUnitPrice":"10g당 359원","couponPriceTitle":"","couponPrice":"8,800","couponDiscountAmount":null,"cashPromotionMessage":null},"moduleData":null,"freebieBenefit":null,"deliveryList":[{"type":"VENDOR_DELIVERY","title":null,"speedType":null,"rocketWowQuestionMark":false,"loyaltyButtonText":null,"logistics":false,"hideQuestionMark":false,"extremeDescriptions":null,"descriptions":"\u003Cem class=\u0027prod-txt-onyx prod-txt-font-14\u0027\u003E수요일 11/13\u003C/em\u003E\u003Cem class=\u0027prod-txt-onyx\u0027\u003E 도착 예정 (판매자배송)\u003C/em\u003E","descriptionIcon":null,"descriptionBadge":null,"deliveryReminderMessage":null,"deliveryNotice":null,"deliveryExtraInfo":null,"delayMessage":null,"countDownMillisecond":null,"countDownMessage":null,"companyLabel":null,"company":null,"badgeUrl":null}],"delivery":{"type":"VENDOR_DELIVERY","title":null,"speedType":null,"rocketWowQuestionMark":false,"loyaltyButtonText":null,"logistics":false,"hideQuestionMark":false,"extremeDescriptions":null,"descriptions":"\u003Cem class=\u0027prod-txt-onyx prod-txt-font-14\u0027\u003E수요일 11/13\u003C/em\u003E\u003Cem class=\u0027prod-txt-onyx\u0027\u003E 도착 예정 (판매자배송)\u003C/em\u003E","descriptionIcon":null,"descriptionBadge":null,"deliveryReminderMessage":null,"deliveryNotice":null,"deliveryExtraInfo":null,"delayMessage":null,"countDownMillisecond":null,"countDownMessage":null,"companyLabel":null,"company":null,"badgeUrl":null},"cashBackSummary":null,"bundleOption":null,"benefitDisplayType":null,"appliedCoupon":null,"abFlags":{"applyExtremeProminenceFreeDeliveryMessages":"A","jikgu1PWarrantyAB":"NOT_APPLICABLE"}}],"preOrderVo":null,"otherSellerCount":null,"offerDescription":null,"offerBanner":null,"memberInfo":null,"luxuryDiscountBenefit":null,"linkedVendorItemInfo":null,"limitNoticeVo":null,"itemName":"해태 홈런볼 소금우유 단짠고소, 49g, 5개","itemId":22525736671,"inventory":null,"invalid":false,"images":[{"thumbnailImage":"//thumbnail6.coupangcdn.com/thumbnails/remote/48x48ex/image/vendor_inventory/a473/9cd14b843ae142987724a2f1921577d126e2fab238df13300687d67ec2c6.png","preloadImage":"//thumbnail6.coupangcdn.com/thumbnails/remote/230x230ex/image/vendor_inventory/a473/9cd14b843ae142987724a2f1921577d126e2fab238df13300687d67ec2c6.png","origin":"//image6.coupangcdn.com/image/vendor_inventory/a473/9cd14b843ae142987724a2f1921577d126e2fab238df13300687d67ec2c6.png","detailImage":"//thumbnail6.coupangcdn.com/thumbnails/remote/1500x1500ex/image/vendor_inventory/a473/9cd14b843ae142987724a2f1921577d126e2fab238df13300687d67ec2c6.png"}],"goldFish":false,"giftcard":false,"freshEligible":false,"easePayment":null,"discountBenefitDescriptionList":null,"discountBenefitDescription":null,"deliveryAttribute":false,"dawnOnly":false,"couponList":null,"ccidInfo":null,"ccidEligible":false,"cashBackSummary":null,"buyableQuantity":50,"bundleOption":null,"blockInfo":null,"bizBadge":null,"badgeMap":{},"authors":null,"attributeTitle":null,"apiUrlMap":{"addToCartUrl":"coupang://addCart?itemId=22525736671\u0026productId=8009070810\u0026vendorItemId=90734949233\u0026sourceType=offerDetail\u0026price=8800\u0026sdpVisitKey=\u0026isLoser=false\u0026offerStatus=NEW","shippingConsolidationUrl":null},"almostSoldOut":false},"3162826271,1626146022":{"wishList":false,"warrantyServiceVo":null,"vendorItemId":91050795577,"vendor":null,"used":false,"topSellingInfo":null,"supplier":null,"subscribeInfo":null,"stickBanners":null,"soldOut":false,"shippingConsolidationLink":null,"sellingInfoVo":null,"ruleBasedTitle":null,"roleCode":null,"rocketLuxuryDisclaimer":null,"retail":false,"restockNotification":false,"quantityBase":[{"wowOnlyInstantDiscountRate":0,"subscriptionPriceList":[],"subscriptionPrice":null,"subscriptionDiscountRate":-1,"subscriptionDelivery":null,"shippingFeeList":[{"titleIcon":null,"title":null,"shippingFeeType":"FREE","shippingFeeIcon":null,"shippingFee":null,"returnFeeMessage":null,"popupFreeShippingConditionMessage":null,"message":"\u003Cem class=\u0027prod-txt-bold\u0027\u003E무료배송\u003C/em\u003E","freeShippingConditionMessage":null,"extremeMessage":null,"dividerIcon":null}],"shippingFee":{"titleIcon":null,"title":null,"shippingFeeType":"FREE","shippingFeeIcon":null,"shippingFee":"0","returnFeeMessage":null,"popupFreeShippingConditionMessage":null,"message":"\u003Cem class=\u0027prod-txt-bold\u0027\u003E무료배송\u003C/em\u003E","freeShippingConditionMessage":null,"extremeMessage":null,"dividerIcon":null},"shipmentDisplayType":"NORMAL","selectedIndex":0,"quantityLimitationVO":null,"quantity":1,"priceUnit":"원","priceList":[{"wowCouponDiscount":false,"unitPrice":"10g당 589원","unitDiscountRate":null,"type":"SALES","title":"쿠팡판매가","saleUnitPrice":null,"salePriceTitle":null,"salePrice":null,"priceAmount":"5,770","originalPriceDesc":null,"originPrice":null,"loyaltyRegistrationUrl":null,"loyaltyButtonText":null,"instantPriceType":null,"instantDiscount":null,"i18nSalePrice":null,"i18nPriceAmount":{"rawAmount":null,"fractionDigits":0,"currency":"KRW","amount":"5770"},"i18nOriginPrice":null,"i18nCouponPrice":null,"i18nCouponDiscountAmount":null,"hasWowInstantDiscount":false,"hasWowCouponDiscount":false,"hasNormalInstantDiscount":false,"hasNormalCouponDiscount":false,"gppuPricePolicy":null,"finalPrice":null,"discountRate":null,"description":null,"couponUnitPrice":null,"couponPriceTitle":null,"couponPrice":null,"couponDiscountAmount":null,"cashPromotionMessage":null}],"price":{"wowCouponDiscount":false,"unitPrice":null,"unitDiscountRate":null,"type":null,"title":null,"saleUnitPrice":"10g당 589원","salePriceTitle":"","salePrice":"5,770","priceAmount":null,"originalPriceDesc":null,"originPrice":"5,790","loyaltyRegistrationUrl":null,"loyaltyButtonText":null,"instantPriceType":null,"instantDiscount":false,"i18nSalePrice":{"rawAmount":null,"fractionDigits":0,"currency":"KRW","amount":"5770"},"i18nPriceAmount":null,"i18nOriginPrice":{"rawAmount":null,"fractionDigits":0,"currency":"KRW","amount":"5790"},"i18nCouponPrice":{"rawAmount":null,"fractionDigits":0,"currency":"KRW","amount":"5770"},"i18nCouponDiscountAmount":null,"hasWowInstantDiscount":false,"hasWowCouponDiscount":false,"hasNormalInstantDiscount":false,"hasNormalCouponDiscount":false,"gppuPricePolicy":[{"priceInfo":"\u003Cspan class=\u0027discount-rate\u0027\u003Enull%\u003C/span\u003E\u003Cspan class=\u0027origin-price\u0027\u003E5,790원\u003C/span\u003E","description":"업체의 권장소비자가 또는 공식 판매처 판매가 또는 도서 정가(도서 정가제 대상인 경우)입니다. 해당 가격이 없는 경우 90일 내 쿠팡에서 판매된 가격 중 가장 높은 가격을 표시합니다."}],"finalPrice":"5,770","discountRate":null,"description":null,"couponUnitPrice":"10g당 589원","couponPriceTitle":"","couponPrice":"5,770","couponDiscountAmount":null,"cashPromotionMessage":null},"moduleData":null,"freebieBenefit":null,"deliveryList":[{"type":"VENDOR_DELIVERY","title":null,"speedType":null,"rocketWowQuestionMark":false,"loyaltyButtonText":null,"logistics":false,"hideQuestionMark":false,"extremeDescriptions":null,"descriptions":"\u003Cem class=\u0027prod-txt-onyx prod-txt-font-14\u0027\u003E수요일 11/13\u003C/em\u003E\u003Cem class=\u0027prod-txt-onyx\u0027\u003E 도착 예정 (판매자배송)\u003C/em\u003E","descriptionIcon":null,"descriptionBadge":null,"deliveryReminderMessage":null,"deliveryNotice":null,"deliveryExtraInfo":null,"delayMessage":null,"countDownMillisecond":null,"countDownMessage":null,"companyLabel":null,"company":null,"badgeUrl":null}],"delivery":{"type":"VENDOR_DELIVERY","title":null,"speedType":null,"rocketWowQuestionMark":false,"loyaltyButtonText":null,"logistics":false,"hideQuestionMark":false,"extremeDescriptions":null,"descriptions":"\u003Cem class=\u0027prod-txt-onyx prod-txt-font-14\u0027\u003E수요일 11/13\u003C/em\u003E\u003Cem class=\u0027prod-txt-onyx\u0027\u003E 도착 예정 (판매자배송)\u003C/em\u003E","descriptionIcon":null,"descriptionBadge":null,"deliveryReminderMessage":null,"deliveryNotice":null,"deliveryExtraInfo":null,"delayMessage":null,"countDownMillisecond":null,"countDownMessage":null,"companyLabel":null,"company":null,"badgeUrl":null},"cashBackSummary":null,"bundleOption":null,"benefitDisplayType":null,"appliedCoupon":null,"abFlags":{"applyExtremeProminenceFreeDeliveryMessages":"A","jikgu1PWarrantyAB":"NOT_APPLICABLE"}}],"preOrderVo":null,"otherSellerCount":null,"offerDescription":null,"offerBanner":null,"memberInfo":null,"luxuryDiscountBenefit":null,"linkedVendorItemInfo":null,"limitNoticeVo":null,"itemName":"해태 홈런볼 소금우유 단짠고소, 49g, 2개","itemId":22509621257,"inventory":null,"invalid":false,"images":[{"thumbnailImage":"//thumbnail6.coupangcdn.com/thumbnails/remote/48x48ex/image/vendor_inventory/a473/9cd14b843ae142987724a2f1921577d126e2fab238df13300687d67ec2c6.png","preloadImage":"//thumbnail6.coupangcdn.com/thumbnails/remote/230x230ex/image/vendor_inventory/a473/9cd14b843ae142987724a2f1921577d126e2fab238df13300687d67ec2c6.png","origin":"//image6.coupangcdn.com/image/vendor_inventory/a473/9cd14b843ae142987724a2f1921577d126e2fab238df13300687d67ec2c6.png","detailImage":"//thumbnail6.coupangcdn.com/thumbnails/remote/1500x1500ex/image/vendor_inventory/a473/9cd14b843ae142987724a2f1921577d126e2fab238df13300687d67ec2c6.png"}],"goldFish":false,"giftcard":false,"freshEligible":false,"easePayment":null,"discountBenefitDescriptionList":null,"discountBenefitDescription":null,"deliveryAttribute":false,"dawnOnly":false,"couponList":null,"ccidInfo":null,"ccidEligible":false,"cashBackSummary":null,"buyableQuantity":50,"bundleOption":null,"blockInfo":null,"bizBadge":null,"badgeMap":{},"authors":null,"attributeTitle":null,"apiUrlMap":{"addToCartUrl":"coupang://addCart?itemId=22509621257\u0026productId=8009070810\u0026vendorItemId=91050795577\u0026sourceType=offerDetail\u0026price=5770\u0026sdpVisitKey=\u0026isLoser=false\u0026offerStatus=NEW","shippingConsolidationUrl":null},"almostSoldOut":false},"3558240155,3164565153":{"wishList":false,"warrantyServiceVo":null,"vendorItemId":89477692421,"vendor":null,"used":false,"topSellingInfo":null,"supplier":null,"subscribeInfo":null,"stickBanners":null,"soldOut":false,"shippingConsolidationLink":null,"sellingInfoVo":null,"ruleBasedTitle":null,"roleCode":null,"rocketLuxuryDisclaimer":null,"retail":false,"restockNotification":false,"quantityBase":[{"wowOnlyInstantDiscountRate":0,"subscriptionPriceList":[],"subscriptionPrice":null,"subscriptionDiscountRate":-1,"subscriptionDelivery":null,"shippingFeeList":[{"titleIcon":null,"title":null,"shippingFeeType":"FREE","shippingFeeIcon":null,"shippingFee":null,"returnFeeMessage":null,"popupFreeShippingConditionMessage":null,"message":"\u003Cem class=\u0027prod-txt-bold\u0027\u003E무료배송\u003C/em\u003E","freeShippingConditionMessage":null,"extremeMessage":null,"dividerIcon":null}],"shippingFee":{"titleIcon":null,"title":null,"shippingFeeType":"FREE","shippingFeeIcon":null,"shippingFee":"0","returnFeeMessage":null,"popupFreeShippingConditionMessage":null,"message":"\u003Cem class=\u0027prod-txt-bold\u0027\u003E무료배송\u003C/em\u003E","freeShippingConditionMessage":null,"extremeMessage":null,"dividerIcon":null},"shipmentDisplayType":"NORMAL","selectedIndex":0,"quantityLimitationVO":null,"quantity":1,"priceUnit":"원","priceList":[{"wowCouponDiscount":false,"unitPrice":"10g당 291원","unitDiscountRate":null,"type":"SALES","title":"쿠팡판매가","saleUnitPrice":null,"salePriceTitle":null,"salePrice":null,"priceAmount":"47,800","originalPriceDesc":null,"originPrice":null,"loyaltyRegistrationUrl":null,"loyaltyButtonText":null,"instantPriceType":null,"instantDiscount":null,"i18nSalePrice":null,"i18nPriceAmount":{"rawAmount":null,"fractionDigits":0,"currency":"KRW","amount":"47800"},"i18nOriginPrice":null,"i18nCouponPrice":null,"i18nCouponDiscountAmount":null,"hasWowInstantDiscount":false,"hasWowCouponDiscount":false,"hasNormalInstantDiscount":false,"hasNormalCouponDiscount":false,"gppuPricePolicy":null,"finalPrice":null,"discountRate":null,"description":null,"couponUnitPrice":null,"couponPriceTitle":null,"couponPrice":null,"couponDiscountAmount":null,"cashPromotionMessage":null}],"price":{"wowCouponDiscount":false,"unitPrice":null,"unitDiscountRate":null,"type":null,"title":null,"saleUnitPrice":"10g당 291원","salePriceTitle":"","salePrice":"47,800","priceAmount":null,"originalPriceDesc":"","originPrice":null,"loyaltyRegistrationUrl":null,"loyaltyButtonText":null,"instantPriceType":null,"instantDiscount":false,"i18nSalePrice":{"rawAmount":null,"fractionDigits":0,"currency":"KRW","amount":"47800"},"i18nPriceAmount":null,"i18nOriginPrice":null,"i18nCouponPrice":{"rawAmount":null,"fractionDigits":0,"currency":"KRW","amount":"47800"},"i18nCouponDiscountAmount":null,"hasWowInstantDiscount":false,"hasWowCouponDiscount":false,"hasNormalInstantDiscount":false,"hasNormalCouponDiscount":false,"gppuPricePolicy":null,"finalPrice":"47,800","discountRate":null,"description":null,"couponUnitPrice":"10g당 291원","couponPriceTitle":"","couponPrice":"47,800","couponDiscountAmount":null,"cashPromotionMessage":null},"moduleData":null,"freebieBenefit":null,"deliveryList":[{"type":"VENDOR_DELIVERY","title":null,"speedType":null,"rocketWowQuestionMark":false,"loyaltyButtonText":null,"logistics":false,"hideQuestionMark":false,"extremeDescriptions":null,"descriptions":"\u003Cem class=\u0027prod-txt-onyx prod-txt-font-14\u0027\u003E수요일 11/13\u003C/em\u003E\u003Cem class=\u0027prod-txt-onyx\u0027\u003E 도착 예정 (판매자배송)\u003C/em\u003E","descriptionIcon":null,"descriptionBadge":null,"deliveryReminderMessage":null,"deliveryNotice":null,"deliveryExtraInfo":null,"delayMessage":null,"countDownMillisecond":null,"countDownMessage":null,"companyLabel":null,"company":null,"badgeUrl":null}],"delivery":{"type":"VENDOR_DELIVERY","title":null,"speedType":null,"rocketWowQuestionMark":false,"loyaltyButtonText":null,"logistics":false,"hideQuestionMark":false,"extremeDescriptions":null,"descriptions":"\u003Cem class=\u0027prod-txt-onyx prod-txt-font-14\u0027\u003E수요일 11/13\u003C/em\u003E\u003Cem class=\u0027prod-txt-onyx\u0027\u003E 도착 예정 (판매자배송)\u003C/em\u003E","descriptionIcon":null,"descriptionBadge":null,"deliveryReminderMessage":null,"deliveryNotice":null,"deliveryExtraInfo":null,"delayMessage":null,"countDownMillisecond":null,"countDownMessage":null,"companyLabel":null,"company":null,"badgeUrl":null},"cashBackSummary":null,"bundleOption":null,"benefitDisplayType":null,"appliedCoupon":null,"abFlags":{"applyExtremeProminenceFreeDeliveryMessages":"A","jikgu1PWarrantyAB":"NOT_APPLICABLE"}}],"preOrderVo":null,"otherSellerCount":null,"offerDescription":null,"offerBanner":null,"memberInfo":null,"luxuryDiscountBenefit":null,"linkedVendorItemInfo":null,"limitNoticeVo":null,"itemName":"해태 홈런볼 소금우유 (+물티슈10매증정), 164g, 10개","itemId":22433069369,"inventory":null,"invalid":false,"images":[{"thumbnailImage":"//thumbnail10.coupangcdn.com/thumbnails/remote/48x48ex/image/vendor_inventory/459b/710e364bb02aeccf4477b9065fefc85860b317b4090380eb0b40264dceec.jpg","preloadImage":"//thumbnail10.coupangcdn.com/thumbnails/remote/230x230ex/image/vendor_inventory/459b/710e364bb02aeccf4477b9065fefc85860b317b4090380eb0b40264dceec.jpg","origin":"//image10.coupangcdn.com/image/vendor_inventory/459b/710e364bb02aeccf4477b9065fefc85860b317b4090380eb0b40264dceec.jpg","detailImage":"//thumbnail10.coupangcdn.com/thumbnails/remote/1500x1500ex/image/vendor_inventory/459b/710e364bb02aeccf4477b9065fefc85860b317b4090380eb0b40264dceec.jpg"}],"goldFish":false,"giftcard":false,"freshEligible":false,"easePayment":null,"discountBenefitDescriptionList":null,"discountBenefitDescription":null,"deliveryAttribute":false,"dawnOnly":false,"couponList":null,"ccidInfo":null,"ccidEligible":false,"cashBackSummary":null,"buyableQuantity":50,"bundleOption":null,"blockInfo":null,"bizBadge":null,"badgeMap":{},"authors":null,"attributeTitle":null,"apiUrlMap":{"addToCartUrl":"coupang://addCart?itemId=22433069369\u0026productId=8009070810\u0026vendorItemId=89477692421\u0026sourceType=offerDetail\u0026price=47800\u0026sdpVisitKey=\u0026isLoser=false\u0026offerStatus=NEW","shippingConsolidationUrl":null},"almostSoldOut":false},"3162826271,3164565308":{"wishList":false,"warrantyServiceVo":null,"vendorItemId":90734949229,"vendor":null,"used":false,"topSellingInfo":null,"supplier":null,"subscribeInfo":null,"stickBanners":null,"soldOut":false,"shippingConsolidationLink":null,"sellingInfoVo":null,"ruleBasedTitle":null,"roleCode":null,"rocketLuxuryDisclaimer":null,"retail":false,"restockNotification":false,"quantityBase":[{"wowOnlyInstantDiscountRate":0,"subscriptionPriceList":[],"subscriptionPrice":null,"subscriptionDiscountRate":-1,"subscriptionDelivery":null,"shippingFeeList":[{"titleIcon":null,"title":null,"shippingFeeType":"FREE","shippingFeeIcon":null,"shippingFee":null,"returnFeeMessage":null,"popupFreeShippingConditionMessage":null,"message":"\u003Cem class=\u0027prod-txt-bold\u0027\u003E무료배송\u003C/em\u003E","freeShippingConditionMessage":null,"extremeMessage":null,"dividerIcon":null}],"shippingFee":{"titleIcon":null,"title":null,"shippingFeeType":"FREE","shippingFeeIcon":null,"shippingFee":"0","returnFeeMessage":null,"popupFreeShippingConditionMessage":null,"message":"\u003Cem class=\u0027prod-txt-bold\u0027\u003E무료배송\u003C/em\u003E","freeShippingConditionMessage":null,"extremeMessage":null,"dividerIcon":null},"shipmentDisplayType":"NORMAL","selectedIndex":0,"quantityLimitationVO":null,"quantity":1,"priceUnit":"원","priceList":[{"wowCouponDiscount":false,"unitPrice":"10g당 327원","unitDiscountRate":null,"type":"SALES","title":"쿠팡판매가","saleUnitPrice":null,"salePriceTitle":null,"salePrice":null,"priceAmount":"24,020","originalPriceDesc":null,"originPrice":null,"loyaltyRegistrationUrl":null,"loyaltyButtonText":null,"instantPriceType":null,"instantDiscount":null,"i18nSalePrice":null,"i18nPriceAmount":{"rawAmount":null,"fractionDigits":0,"currency":"KRW","amount":"24020"},"i18nOriginPrice":null,"i18nCouponPrice":null,"i18nCouponDiscountAmount":null,"hasWowInstantDiscount":false,"hasWowCouponDiscount":false,"hasNormalInstantDiscount":false,"hasNormalCouponDiscount":false,"gppuPricePolicy":null,"finalPrice":null,"discountRate":null,"description":null,"couponUnitPrice":null,"couponPriceTitle":null,"couponPrice":null,"couponDiscountAmount":null,"cashPromotionMessage":null}],"price":{"wowCouponDiscount":false,"unitPrice":null,"unitDiscountRate":null,"type":null,"title":null,"saleUnitPrice":"10g당 327원","salePriceTitle":"","salePrice":"24,020","priceAmount":null,"originalPriceDesc":null,"originPrice":"24,200","loyaltyRegistrationUrl":null,"loyaltyButtonText":null,"instantPriceType":null,"instantDiscount":false,"i18nSalePrice":{"rawAmount":null,"fractionDigits":0,"currency":"KRW","amount":"24020"},"i18nPriceAmount":null,"i18nOriginPrice":{"rawAmount":null,"fractionDigits":0,"currency":"KRW","amount":"24200"},"i18nCouponPrice":{"rawAmount":null,"fractionDigits":0,"currency":"KRW","amount":"24020"},"i18nCouponDiscountAmount":null,"hasWowInstantDiscount":false,"hasWowCouponDiscount":false,"hasNormalInstantDiscount":false,"hasNormalCouponDiscount":false,"gppuPricePolicy":[{"priceInfo":"\u003Cspan class=\u0027discount-rate\u0027\u003Enull%\u003C/span\u003E\u003Cspan class=\u0027origin-price\u0027\u003E24,200원\u003C/span\u003E","description":"업체의 권장소비자가 또는 공식 판매처 판매가 또는 도서 정가(도서 정가제 대상인 경우)입니다. 해당 가격이 없는 경우 90일 내 쿠팡에서 판매된 가격 중 가장 높은 가격을 표시합니다."}],"finalPrice":"24,020","discountRate":null,"description":null,"couponUnitPrice":"10g당 327원","couponPriceTitle":"","couponPrice":"24,020","couponDiscountAmount":null,"cashPromotionMessage":null},"moduleData":null,"freebieBenefit":null,"deliveryList":[{"type":"VENDOR_DELIVERY","title":null,"speedType":null,"rocketWowQuestionMark":false,"loyaltyButtonText":null,"logistics":false,"hideQuestionMark":false,"extremeDescriptions":null,"descriptions":"\u003Cem class=\u0027prod-txt-onyx prod-txt-font-14\u0027\u003E수요일 11/13\u003C/em\u003E\u003Cem class=\u0027prod-txt-onyx\u0027\u003E 도착 예정 (판매자배송)\u003C/em\u003E","descriptionIcon":null,"descriptionBadge":null,"deliveryReminderMessage":null,"deliveryNotice":null,"deliveryExtraInfo":null,"delayMessage":null,"countDownMillisecond":null,"countDownMessage":null,"companyLabel":null,"company":null,"badgeUrl":null}],"delivery":{"type":"VENDOR_DELIVERY","title":null,"speedType":null,"rocketWowQuestionMark":false,"loyaltyButtonText":null,"logistics":false,"hideQuestionMark":false,"extremeDescriptions":null,"descriptions":"\u003Cem class=\u0027prod-txt-onyx prod-txt-font-14\u0027\u003E수요일 11/13\u003C/em\u003E\u003Cem class=\u0027prod-txt-onyx\u0027\u003E 도착 예정 (판매자배송)\u003C/em\u003E","descriptionIcon":null,"descriptionBadge":null,"deliveryReminderMessage":null,"deliveryNotice":null,"deliveryExtraInfo":null,"delayMessage":null,"countDownMillisecond":null,"countDownMessage":null,"companyLabel":null,"company":null,"badgeUrl":null},"cashBackSummary":null,"bundleOption":null,"benefitDisplayType":null,"appliedCoupon":null,"abFlags":{"applyExtremeProminenceFreeDeliveryMessages":"A","jikgu1PWarrantyAB":"NOT_APPLICABLE"}}],"preOrderVo":null,"otherSellerCount":null,"offerDescription":null,"offerBanner":null,"memberInfo":null,"luxuryDiscountBenefit":null,"linkedVendorItemInfo":null,"limitNoticeVo":null,"itemName":"해태 홈런볼 소금우유 단짠고소, 49g, 15개","itemId":22995752043,"inventory":null,"invalid":false,"images":[{"thumbnailImage":"//thumbnail6.coupangcdn.com/thumbnails/remote/48x48ex/image/vendor_inventory/a473/9cd14b843ae142987724a2f1921577d126e2fab238df13300687d67ec2c6.png","preloadImage":"//thumbnail6.coupangcdn.com/thumbnails/remote/230x230ex/image/vendor_inventory/a473/9cd14b843ae142987724a2f1921577d126e2fab238df13300687d67ec2c6.png","origin":"//image6.coupangcdn.com/image/vendor_inventory/a473/9cd14b843ae142987724a2f1921577d126e2fab238df13300687d67ec2c6.png","detailImage":"//thumbnail6.coupangcdn.com/thumbnails/remote/1500x1500ex/image/vendor_inventory/a473/9cd14b843ae142987724a2f1921577d126e2fab238df13300687d67ec2c6.png"}],"goldFish":false,"giftcard":false,"freshEligible":false,"easePayment":null,"discountBenefitDescriptionList":null,"discountBenefitDescription":null,"deliveryAttribute":false,"dawnOnly":false,"couponList":null,"ccidInfo":null,"ccidEligible":false,"cashBackSummary":null,"buyableQuantity":50,"bundleOption":null,"blockInfo":null,"bizBadge":null,"badgeMap":{},"authors":null,"attributeTitle":null,"apiUrlMap":{"addToCartUrl":"coupang://addCart?itemId=22995752043\u0026productId=8009070810\u0026vendorItemId=90734949229\u0026sourceType=offerDetail\u0026price=24020\u0026sdpVisitKey=\u0026isLoser=false\u0026offerStatus=NEW","shippingConsolidationUrl":null},"almostSoldOut":false}}},"offerDescription":"","offerBanner":null,"moduleData":null,"memberInfo":{"withdrawOrOnHold":false,"withdraw":false,"redCarpetPromotionPopupInfoVo":null,"pseudoMember":false,"onHoldMember":false,"memberName":null,"loyaltyMemberExcludePseudoMember":false,"loyaltyMember":false,"eligibleAddress":true},"luxuryDiscountBenefit":null,"linkedVendorItemInfo":null,"limitNoticeVo":null,"leafCategoryInfo":{"parentsCategoryNames":["스낵/시리얼","스낵/간식","식품","KAN","HOME"],"name":"스낵","componentId":null,"categoryId":1437},"lapseFloatingNudgeVo":null,"itemName":"해태제과 홈런볼 소금 우유, 41g, 4개","itemId":22335878956,"inventory":null,"invalid":false,"images":[{"thumbnailImage":"//thumbnail9.coupangcdn.com/thumbnails/remote/48x48ex/image/retail/images/2024/04/10/15/1/1e559580-921f-4b51-b9e7-225479eaccf5.jpg","preloadImage":"//thumbnail9.coupangcdn.com/thumbnails/remote/230x230ex/image/retail/images/2024/04/10/15/1/1e559580-921f-4b51-b9e7-225479eaccf5.jpg","origin":"//image9.coupangcdn.com/image/retail/images/2024/04/10/15/1/1e559580-921f-4b51-b9e7-225479eaccf5.jpg","detailImage":"//thumbnail9.coupangcdn.com/thumbnails/remote/1500x1500ex/image/retail/images/2024/04/10/15/1/1e559580-921f-4b51-b9e7-225479eaccf5.jpg"},{"thumbnailImage":"//thumbnail7.coupangcdn.com/thumbnails/remote/48x48ex/image/retail/images/2024/04/10/15/6/fcb0b460-bd44-4d29-aa72-aa57cd47f66e.png","preloadImage":"//thumbnail7.coupangcdn.com/thumbnails/remote/230x230ex/image/retail/images/2024/04/10/15/6/fcb0b460-bd44-4d29-aa72-aa57cd47f66e.png","origin":"//image7.coupangcdn.com/image/retail/images/2024/04/10/15/6/fcb0b460-bd44-4d29-aa72-aa57cd47f66e.png","detailImage":"//thumbnail7.coupangcdn.com/thumbnails/remote/1500x1500ex/image/retail/images/2024/04/10/15/6/fcb0b460-bd44-4d29-aa72-aa57cd47f66e.png"},{"thumbnailImage":"//thumbnail7.coupangcdn.com/thumbnails/remote/48x48ex/image/retail/images/2024/04/10/15/2/d497cfde-b0ff-417a-8aa3-697238158fa4.png","preloadImage":"//thumbnail7.coupangcdn.com/thumbnails/remote/230x230ex/image/retail/images/2024/04/10/15/2/d497cfde-b0ff-417a-8aa3-697238158fa4.png","origin":"//image7.coupangcdn.com/image/retail/images/2024/04/10/15/2/d497cfde-b0ff-417a-8aa3-697238158fa4.png","detailImage":"//thumbnail7.coupangcdn.com/thumbnails/remote/1500x1500ex/image/retail/images/2024/04/10/15/2/d497cfde-b0ff-417a-8aa3-697238158fa4.png"},{"thumbnailImage":"//thumbnail9.coupangcdn.com/thumbnails/remote/48x48ex/image/retail/images/2024/04/10/15/3/4c628f66-e6d2-4639-b0d0-e57d5047efd5.png","preloadImage":"//thumbnail9.coupangcdn.com/thumbnails/remote/230x230ex/image/retail/images/2024/04/10/15/3/4c628f66-e6d2-4639-b0d0-e57d5047efd5.png","origin":"//image9.coupangcdn.com/image/retail/images/2024/04/10/15/3/4c628f66-e6d2-4639-b0d0-e57d5047efd5.png","detailImage":"//thumbnail9.coupangcdn.com/thumbnails/remote/1500x1500ex/image/retail/images/2024/04/10/15/3/4c628f66-e6d2-4639-b0d0-e57d5047efd5.png"},{"thumbnailImage":"//thumbnail8.coupangcdn.com/thumbnails/remote/48x48ex/image/retail/images/2024/04/10/15/5/125934e4-004b-43f2-ae73-0829e277ee19.png","preloadImage":"//thumbnail8.coupangcdn.com/thumbnails/remote/230x230ex/image/retail/images/2024/04/10/15/5/125934e4-004b-43f2-ae73-0829e277ee19.png","origin":"//image8.coupangcdn.com/image/retail/images/2024/04/10/15/5/125934e4-004b-43f2-ae73-0829e277ee19.png","detailImage":"//thumbnail8.coupangcdn.com/thumbnails/remote/1500x1500ex/image/retail/images/2024/04/10/15/5/125934e4-004b-43f2-ae73-0829e277ee19.png"}],"hasBrandShop":true,"goldFish":false,"giftcard":false,"freshEligible":false,"familyAndFriends":false,"easePayment":{"title":"PC에서도 간편한 결제","list":[{"text":"쿠페이머니","icon":"https://image7.coupangcdn.com/image/coupang/common/payment/coupaymoney_color@4x.png"},{"text":"카드","icon":"https://image10.coupangcdn.com/image/coupang/common/payment/card_color@4x.png"},{"text":"계좌이체","icon":"https://image8.coupangcdn.com/image/coupang/common/payment/bankbook_color@4x.png"}],"easyPaymentText":"안전하게 간편 결제","easePaymentMessageForRegABTestOption":"B","digitPwdText":"6자리 비밀번호 최초 1회 등록 시","digitPwdIcon":"https://image7.coupangcdn.com/image/coupang/common/payment/passcode_lock_color@4x.png"},"discountBenefitDescriptionList":null,"discountBenefitDescription":null,"detailProductType":null,"deliveryAttribute":false,"dawnOnly":false,"couponList":[],"countryOfOrigin":"원산지: 상품 상세설명 참조","ccidInfo":null,"ccidEligible":false,"category":null,"cashBackSummary":{"targetedPromotionBanner":null,"rewardCashAmount":null,"popupType":"WITHEXTRA","luxuryItem":false,"i18nRewardCashAmount":null,"i18nFinalCashBackAmtIncludeRewardCashAmount":{"rawAmount":218,"fractionDigits":0,"currency":"KRW","amount":"218"},"i18nFinalCashBackAmt":{"rawAmount":218,"fractionDigits":0,"currency":"KRW","amount":"218"},"i18nCouPayMoneyAmt":{"rawAmount":174,"fractionDigits":0,"currency":"KRW","amount":"174"},"i18nCouPayBankAmt":{"rawAmount":87,"fractionDigits":0,"currency":"KRW","amount":"87"},"i18nClubMemberCashAmt":null,"i18nBasicRocketPayCashAmt":{"rawAmount":44,"fractionDigits":0,"currency":"KRW","amount":"44"},"finalCashBackAmtIncludeRewardCashAmount":218,"finalCashBackAmt":218,"extraCashBackList":[{"validity":"이벤트 기간 30일, 최대 2만원","type":"COU_BANK","rate":"2","leftDays":2302,"i18nAmount":{"rawAmount":87,"fractionDigits":0,"currency":"KRW","amount":"87"},"expired":false,"benefit":"[로켓와우 + 쿠페이 계좌이체] 결제 시 2% 적립","amount":87},{"validity":"이벤트 기간 30일, 최대 4만원","type":"COU_MONEY","rate":"4","leftDays":2302,"i18nAmount":{"rawAmount":174,"fractionDigits":0,"currency":"KRW","amount":"174"},"expired":false,"benefit":"[로켓와우 + 쿠페이 머니] 결제 시 4% 추가적립","amount":174}],"couPayMoneyRate":"4","couPayMoneyLeftDays":2302,"couPayMoneyExpires":false,"couPayMoneyAmt":174,"couPayBankRate":"2","couPayBankLeftDays":2302,"couPayBankExpires":false,"couPayBankAmt":87,"clubMemberRewardLeftDays":null,"clubMemberRewardExpiryTime":null,"clubMemberRewardExpires":null,"clubMemberRate":null,"clubMemberCashAmt":null,"cashWidgetIconUrl":"https://image6.coupangcdn.com/image/badges/sdp/cashback/web/cash-icon@2x.png","cashIconUrl":"https://image6.coupangcdn.com/image/badges/cashback/web/list-cash-icon@2x.png","cashBackTitle":"캐시적립 혜택","basicRocketPayRate":"1","basicRocketPayCashAmt":44,"basicCashBackList":[{"validity":"월 최대 1만원","type":"BASIC","rate":"1","leftDays":null,"i18nAmount":{"rawAmount":44,"fractionDigits":0,"currency":"KRW","amount":"44"},"expired":false,"benefit":"쿠페이 머니 결제 시 1% 적립","amount":44}]},"buyableQuantity":100,"bundleOption":{"viewType":null,"options":[],"optionDetails":null},"brandShopPlusUrl":"https://shop.coupang.com/vid/brand-plus/A00010243/v1url/https%3A%2F%2Fwww.coupang.com%2Fnp%2Fproducts%2Fbrand-shop%3FbrandName%3D%ED%95%B4%ED%83%9C%EC%A0%9C%EA%B3%BC?source=brandstore_sdp_atf_topbadge\u0026pid=8009070810\u0026viid=89463005056\u0026platform=p","brandShopLogoUrl":null,"brandShopAuthenticityBadgeUrl":null,"brand":"해태제과","blockInfo":null,"bizBadge":null,"betterOffer":null,"badgeMap":{"USAGE_BADGE":{"type":"TEXT","text":null,"showPopup":false,"iconUrl":null,"helpLink":"coupang://popupWebView?hidden=N\u0026url=https%3A%2F%2Fm.coupang.com%2Fvm%2Fproducts%2Fused-status-description"},"OFFER_BADGE":{"type":"TEXT","text":null,"showPopup":false,"iconUrl":null,"helpLink":"coupang://popupWebView?hidden=N\u0026url=https%3A%2F%2Fm.coupang.com%2Fvm%2Fproducts%2Fused-status-description"}},"authors":null,"authenticity":null,"attributeTitle":"41g · 4개","apiUrlMap":{"addToCartUrl":"coupang://addCart?itemId=22335878956\u0026productId=8009070810\u0026vendorItemId=89463005056\u0026sourceType=offerDetail\u0026price=4350\u0026sdpVisitKey=ua74gn5nobiya3jhfn\u0026isLoser=false\u0026offerStatus=NEW","shippingConsolidationUrl":null},"almostSoldOut":false,"adultWarning":null,"adult":false,"additionalData":{"expirationDate":"2025-02-07"},"accountType":null,"abFlags":{"ab51588":"A","delayedPddDesignChange":"false","fixBugPEQA29162":"B","addingDisclaimerForReturnedItems":"true","ff3945":"B","beautyLuxuryABTest":"A","applyNewPostCouponModule":"B","jikgu1PWarrantyAB":"NOT_APPLICABLE","applyStrikeCompanyNotice":"false","fixBugForPEQA29473":"B","applyNewPricePolicy":"B","exposeRluxBadge":"false","applyPricePolicy":"B","applyResponsivePC":"B","simplifyCoupayMessage":"B","pcUsedBannerTc":"B","sdpAtfImageVideoImpression":"B","displayTopReviewAttribute":"B","pcCeInstantOptionPickerExperiment":"B"}};
        exports.sdpIssueTypes = {"DEFAULT":"상세페이지의 어느 부분인가요?","BRAND":"브랜드","IMAGE":"대표이미지 \u003Cem\u003E(상단 상품이미지)\u003C/em\u003E","TITLE":"상품명","CATEGORY":"카테고리 \u003Cem\u003E(식품/뷰티/주방용품 등)\u003C/em\u003E","ATTRIBUTE":"구매옵션 \u003Cem\u003E(용량/수량/사이즈/색상 등)\u003C/em\u003E","CONTENT_DETAIL":"상품상세 \u003Cem\u003E(하단 상품의 특장점을 소개하는 글과 이미지)\u003C/em\u003E","ETC":"기타"};
        exports.pureServerTime = 236;
        exports.vCdnImage = "//image6.coupangcdn.com/image/";
        exports.disableCSR =  false ;
        exports.renderBreadcrumbSSR =  true ;
    })(window);
    </script>
    <script src="//front.coupangcdn.com/web-inspector/config/web-inspector.config.js"></script>
    <script
        id="coupang-web-inspector-iife"
        src="//front.coupangcdn.com/web-inspector/1.3.2/web-inspector.iife.min.js"
        data-domain="sdp"
        data-page-name="sdp"
        data-schema-id="15258"
        data-schema-version="1"></script>
    <script type="text/javascript">
        try{
            const atfBox = document.getElementsByClassName('.prod-atf');
            if(atfBox && atfBox.length > 0) {
                atfBox[0].addEventListener('load', function() {
                    const buyBox = document.getElementsByClassName('.prod-buy');
                    if(buyBox && buyBox.length){
                        window.webInspectorManager.eventInspector.autoInspect({
                            container: buyBox[0]
                        });
                    }
                });
            }
        }catch(e){};
    </script>


     

    
    <script src='//asset2.coupangcdn.com/customjs/pacifik/1.5.1/pacifik.polyfill.min.js' type="text/javascript"></script>
<script src='//asset2.coupangcdn.com/customjs/pacifik/1.5.1/pacifik.min.js' type="text/javascript"></script>
<script src='//asset2.coupangcdn.com/customjs/pacifik/1.5.1/pacifik.helpers.min.js' type="text/javascript"></script>

<script src="/resources/20241108145011/np/js/lib/pacifik/messages.ko-KR.js" type="text/javascript"></script>

<script>

    // fix Pacifik is undefined
    if(!window.Pacifik){
        window.Pacifik = {}
    }
    // Fix Pacifik.formatMessage and Pacifik.cdnImageUrl is undefined 
    if(Object.prototype.toString.call(Pacifik.formatMessage)!=='[object Function]'){
        Pacifik.formatMessage = function(key,defaultValue){ return defaultValue}
    }
    if(Object.prototype.toString.call(Pacifik.cdnImageUrl)!=='[object Function]'){
        Pacifik.cdnImageUrl = function(url){ return url }
    }

    // Fix js log error Can't find variable: onScrollFromFirstScreen https://www.coupang.com/np/campaigns/18530 ticket：PEUI-1595
    window.onScrollFromFirstScreen = function(){}
    Pacifik.setSite({"site":"KR","locale":"ko-KR","currency":{"code":"KRW","unit":"원","layout":"price-unit","digitFraction":0,"unitType":"TEXT"}});

    Pacifik.intl({
        'ko-KR': Pacifik.messages
    });
</script>

</head>
<body data-reference='{"controller":"sdp-webpack","isSubscribable":"","bundleid":"","resourcedomain":"","abtestkey":[{&quot;key&quot;:&quot;2561&quot;,&quot;option&quot;:&quot;A&quot;},{&quot;key&quot;:&quot;9217&quot;,&quot;option&quot;:&quot;B&quot;},{&quot;key&quot;:&quot;11777&quot;,&quot;option&quot;:&quot;A&quot;},{&quot;key&quot;:&quot;1027&quot;,&quot;option&quot;:&quot;C&quot;},{&quot;key&quot;:&quot;1030&quot;,&quot;option&quot;:&quot;C&quot;},{&quot;key&quot;:&quot;4104&quot;,&quot;option&quot;:&quot;A&quot;},{&quot;key&quot;:&quot;1033&quot;,&quot;option&quot;:&quot;C&quot;},{&quot;key&quot;:&quot;3083&quot;,&quot;option&quot;:&quot;B&quot;},{&quot;key&quot;:&quot;2060&quot;,&quot;option&quot;:&quot;A&quot;},{&quot;key&quot;:&quot;1036&quot;,&quot;option&quot;:&quot;C&quot;},{&quot;key&quot;:&quot;3084&quot;,&quot;option&quot;:&quot;A&quot;},{&quot;key&quot;:&quot;3086&quot;,&quot;option&quot;:&quot;B&quot;},{&quot;key&quot;:&quot;1039&quot;,&quot;option&quot;:&quot;C&quot;},{&quot;key&quot;:&quot;3087&quot;,&quot;option&quot;:&quot;B&quot;},{&quot;key&quot;:&quot;31247&quot;,&quot;option&quot;:&quot;B&quot;},{&quot;key&quot;:&quot;2576&quot;,&quot;option&quot;:&quot;A&quot;},{&quot;key&quot;:&quot;14353&quot;,&quot;option&quot;:&quot;A&quot;},{&quot;key&quot;:&quot;1042&quot;,&quot;option&quot;:&quot;C&quot;},{&quot;key&quot;:&quot;2578&quot;,&quot;option&quot;:&quot;B&quot;},{&quot;key&quot;:&quot;3602&quot;,&quot;option&quot;:&quot;A&quot;},{&quot;key&quot;:&quot;3603&quot;,&quot;option&quot;:&quot;A&quot;},{&quot;key&quot;:&quot;3092&quot;,&quot;option&quot;:&quot;B&quot;},{&quot;key&quot;:&quot;19476&quot;,&quot;option&quot;:&quot;A&quot;},{&quot;key&quot;:&quot;1045&quot;,&quot;option&quot;:&quot;C&quot;},{&quot;key&quot;:&quot;2069&quot;,&quot;option&quot;:&quot;B&quot;},{&quot;key&quot;:&quot;3606&quot;,&quot;option&quot;:&quot;B&quot;},{&quot;key&quot;:&quot;1048&quot;,&quot;option&quot;:&quot;C&quot;},{&quot;key&quot;:&quot;3608&quot;,&quot;option&quot;:&quot;C&quot;},{&quot;key&quot;:&quot;12312&quot;,&quot;option&quot;:&quot;B&quot;},{&quot;key&quot;:&quot;3097&quot;,&quot;option&quot;:&quot;E&quot;},{&quot;key&quot;:&quot;2587&quot;,&quot;option&quot;:&quot;A&quot;},{&quot;key&quot;:&quot;10267&quot;,&quot;option&quot;:&quot;B&quot;},{&quot;key&quot;:&quot;4636&quot;,&quot;option&quot;:&quot;B&quot;},{&quot;key&quot;:&quot;4125&quot;,&quot;option&quot;:&quot;B&quot;},{&quot;key&quot;:&quot;24605&quot;,&quot;option&quot;:&quot;B&quot;},{&quot;key&quot;:&quot;2078&quot;,&quot;option&quot;:&quot;B&quot;},{&quot;key&quot;:&quot;2590&quot;,&quot;option&quot;:&quot;B&quot;},{&quot;key&quot;:&quot;3102&quot;,&quot;option&quot;:&quot;B&quot;},{&quot;key&quot;:&quot;4638&quot;,&quot;option&quot;:&quot;B&quot;},{&quot;key&quot;:&quot;24606&quot;,&quot;option&quot;:&quot;B&quot;},{&quot;key&quot;:&quot;3103&quot;,&quot;option&quot;:&quot;C&quot;},{&quot;key&quot;:&quot;3616&quot;,&quot;option&quot;:&quot;A&quot;},{&quot;key&quot;:&quot;24608&quot;,&quot;option&quot;:&quot;B&quot;},{&quot;key&quot;:&quot;2081&quot;,&quot;option&quot;:&quot;B&quot;},{&quot;key&quot;:&quot;1057&quot;,&quot;option&quot;:&quot;C&quot;},{&quot;key&quot;:&quot;66592&quot;,&quot;option&quot;:&quot;A&quot;},{&quot;key&quot;:&quot;3618&quot;,&quot;option&quot;:&quot;A&quot;},{&quot;key&quot;:&quot;15907&quot;,&quot;option&quot;:&quot;B&quot;},{&quot;key&quot;:&quot;1060&quot;,&quot;option&quot;:&quot;C&quot;},{&quot;key&quot;:&quot;1572&quot;,&quot;option&quot;:&quot;A&quot;},{&quot;key&quot;:&quot;3620&quot;,&quot;option&quot;:&quot;A&quot;},{&quot;key&quot;:&quot;3621&quot;,&quot;option&quot;:&quot;A&quot;},{&quot;key&quot;:&quot;15915&quot;,&quot;option&quot;:&quot;B&quot;},{&quot;key&quot;:&quot;3121&quot;,&quot;option&quot;:&quot;B&quot;},{&quot;key&quot;:&quot;7729&quot;,&quot;option&quot;:&quot;B&quot;},{&quot;key&quot;:&quot;3635&quot;,&quot;option&quot;:&quot;B&quot;},{&quot;key&quot;:&quot;3126&quot;,&quot;option&quot;:&quot;A&quot;},{&quot;key&quot;:&quot;14903&quot;,&quot;option&quot;:&quot;B&quot;},{&quot;key&quot;:&quot;3640&quot;,&quot;option&quot;:&quot;B&quot;},{&quot;key&quot;:&quot;29240&quot;,&quot;option&quot;:&quot;B&quot;},{&quot;key&quot;:&quot;3641&quot;,&quot;option&quot;:&quot;B&quot;},{&quot;key&quot;:&quot;4155&quot;,&quot;option&quot;:&quot;B&quot;},{&quot;key&quot;:&quot;2621&quot;,&quot;option&quot;:&quot;B&quot;},{&quot;key&quot;:&quot;1087&quot;,&quot;option&quot;:&quot;A&quot;},{&quot;key&quot;:&quot;3137&quot;,&quot;option&quot;:&quot;B&quot;},{&quot;key&quot;:&quot;35905&quot;,&quot;option&quot;:&quot;B&quot;},{&quot;key&quot;:&quot;68&quot;,&quot;option&quot;:&quot;A&quot;},{&quot;key&quot;:&quot;69&quot;,&quot;option&quot;:&quot;A&quot;},{&quot;key&quot;:&quot;581&quot;,&quot;option&quot;:&quot;A&quot;},{&quot;key&quot;:&quot;3141&quot;,&quot;option&quot;:&quot;B&quot;},{&quot;key&quot;:&quot;29253&quot;,&quot;option&quot;:&quot;D&quot;},{&quot;key&quot;:&quot;3143&quot;,&quot;option&quot;:&quot;B&quot;},{&quot;key&quot;:&quot;3655&quot;,&quot;option&quot;:&quot;A&quot;},{&quot;key&quot;:&quot;3657&quot;,&quot;option&quot;:&quot;A&quot;},{&quot;key&quot;:&quot;25161&quot;,&quot;option&quot;:&quot;A&quot;},{&quot;key&quot;:&quot;588&quot;,&quot;option&quot;:&quot;A&quot;},{&quot;key&quot;:&quot;3661&quot;,&quot;option&quot;:&quot;A&quot;},{&quot;key&quot;:&quot;3149&quot;,&quot;option&quot;:&quot;A&quot;},{&quot;key&quot;:&quot;2641&quot;,&quot;option&quot;:&quot;B&quot;},{&quot;key&quot;:&quot;3154&quot;,&quot;option&quot;:&quot;A&quot;},{&quot;key&quot;:&quot;60499&quot;,&quot;option&quot;:&quot;C&quot;},{&quot;key&quot;:&quot;2644&quot;,&quot;option&quot;:&quot;B&quot;},{&quot;key&quot;:&quot;2645&quot;,&quot;option&quot;:&quot;B&quot;},{&quot;key&quot;:&quot;12373&quot;,&quot;option&quot;:&quot;A&quot;},{&quot;key&quot;:&quot;1110&quot;,&quot;option&quot;:&quot;A&quot;},{&quot;key&quot;:&quot;3158&quot;,&quot;option&quot;:&quot;A&quot;},{&quot;key&quot;:&quot;3670&quot;,&quot;option&quot;:&quot;B&quot;},{&quot;key&quot;:&quot;2137&quot;,&quot;option&quot;:&quot;B&quot;},{&quot;key&quot;:&quot;3673&quot;,&quot;option&quot;:&quot;A&quot;},{&quot;key&quot;:&quot;3163&quot;,&quot;option&quot;:&quot;B&quot;},{&quot;key&quot;:&quot;51291&quot;,&quot;option&quot;:&quot;C&quot;},{&quot;key&quot;:&quot;3165&quot;,&quot;option&quot;:&quot;B&quot;},{&quot;key&quot;:&quot;5215&quot;,&quot;option&quot;:&quot;A&quot;},{&quot;key&quot;:&quot;6239&quot;,&quot;option&quot;:&quot;B&quot;},{&quot;key&quot;:&quot;2656&quot;,&quot;option&quot;:&quot;B&quot;},{&quot;key&quot;:&quot;2657&quot;,&quot;option&quot;:&quot;B&quot;},{&quot;key&quot;:&quot;3681&quot;,&quot;option&quot;:&quot;B&quot;},{&quot;key&quot;:&quot;2145&quot;,&quot;option&quot;:&quot;A&quot;},{&quot;key&quot;:&quot;1634&quot;,&quot;option&quot;:&quot;B&quot;},{&quot;key&quot;:&quot;2147&quot;,&quot;option&quot;:&quot;B&quot;},{&quot;key&quot;:&quot;3684&quot;,&quot;option&quot;:&quot;A&quot;},{&quot;key&quot;:&quot;3687&quot;,&quot;option&quot;:&quot;A&quot;},{&quot;key&quot;:&quot;1640&quot;,&quot;option&quot;:&quot;B&quot;},{&quot;key&quot;:&quot;2157&quot;,&quot;option&quot;:&quot;A&quot;},{&quot;key&quot;:&quot;3693&quot;,&quot;option&quot;:&quot;A&quot;},{&quot;key&quot;:&quot;1139&quot;,&quot;option&quot;:&quot;A&quot;},{&quot;key&quot;:&quot;3192&quot;,&quot;option&quot;:&quot;B&quot;},{&quot;key&quot;:&quot;2680&quot;,&quot;option&quot;:&quot;B&quot;},{&quot;key&quot;:&quot;3197&quot;,&quot;option&quot;:&quot;B&quot;},{&quot;key&quot;:&quot;4228&quot;,&quot;option&quot;:&quot;B&quot;},{&quot;key&quot;:&quot;3205&quot;,&quot;option&quot;:&quot;B&quot;},{&quot;key&quot;:&quot;4743&quot;,&quot;option&quot;:&quot;B&quot;},{&quot;key&quot;:&quot;3208&quot;,&quot;option&quot;:&quot;B&quot;},{&quot;key&quot;:&quot;3720&quot;,&quot;option&quot;:&quot;B&quot;},{&quot;key&quot;:&quot;3211&quot;,&quot;option&quot;:&quot;B&quot;},{&quot;key&quot;:&quot;38539&quot;,&quot;option&quot;:&quot;A&quot;},{&quot;key&quot;:&quot;3729&quot;,&quot;option&quot;:&quot;B&quot;},{&quot;key&quot;:&quot;2706&quot;,&quot;option&quot;:&quot;A&quot;},{&quot;key&quot;:&quot;3218&quot;,&quot;option&quot;:&quot;A&quot;},{&quot;key&quot;:&quot;2197&quot;,&quot;option&quot;:&quot;B&quot;},{&quot;key&quot;:&quot;150&quot;,&quot;option&quot;:&quot;A&quot;},{&quot;key&quot;:&quot;1686&quot;,&quot;option&quot;:&quot;B&quot;},{&quot;key&quot;:&quot;3735&quot;,&quot;option&quot;:&quot;B&quot;},{&quot;key&quot;:&quot;3224&quot;,&quot;option&quot;:&quot;B&quot;},{&quot;key&quot;:&quot;8344&quot;,&quot;option&quot;:&quot;A&quot;},{&quot;key&quot;:&quot;3738&quot;,&quot;option&quot;:&quot;A&quot;},{&quot;key&quot;:&quot;4250&quot;,&quot;option&quot;:&quot;B&quot;},{&quot;key&quot;:&quot;4251&quot;,&quot;option&quot;:&quot;B&quot;},{&quot;key&quot;:&quot;31387&quot;,&quot;option&quot;:&quot;B&quot;},{&quot;key&quot;:&quot;4252&quot;,&quot;option&quot;:&quot;B&quot;},{&quot;key&quot;:&quot;5279&quot;,&quot;option&quot;:&quot;A&quot;},{&quot;key&quot;:&quot;40096&quot;,&quot;option&quot;:&quot;C&quot;},{&quot;key&quot;:&quot;3233&quot;,&quot;option&quot;:&quot;B&quot;},{&quot;key&quot;:&quot;2723&quot;,&quot;option&quot;:&quot;B&quot;},{&quot;key&quot;:&quot;2724&quot;,&quot;option&quot;:&quot;B&quot;},{&quot;key&quot;:&quot;3239&quot;,&quot;option&quot;:&quot;B&quot;},{&quot;key&quot;:&quot;3240&quot;,&quot;option&quot;:&quot;B&quot;},{&quot;key&quot;:&quot;169&quot;,&quot;option&quot;:&quot;B&quot;},{&quot;key&quot;:&quot;1706&quot;,&quot;option&quot;:&quot;B&quot;},{&quot;key&quot;:&quot;2218&quot;,&quot;option&quot;:&quot;B&quot;},{&quot;key&quot;:&quot;3755&quot;,&quot;option&quot;:&quot;A&quot;},{&quot;key&quot;:&quot;2731&quot;,&quot;option&quot;:&quot;A&quot;},{&quot;key&quot;:&quot;3245&quot;,&quot;option&quot;:&quot;B&quot;},{&quot;key&quot;:&quot;2735&quot;,&quot;option&quot;:&quot;A&quot;},{&quot;key&quot;:&quot;2736&quot;,&quot;option&quot;:&quot;A&quot;},{&quot;key&quot;:&quot;11440&quot;,&quot;option&quot;:&quot;A&quot;},{&quot;key&quot;:&quot;3762&quot;,&quot;option&quot;:&quot;B&quot;},{&quot;key&quot;:&quot;2226&quot;,&quot;option&quot;:&quot;A&quot;},{&quot;key&quot;:&quot;692&quot;,&quot;option&quot;:&quot;B&quot;},{&quot;key&quot;:&quot;1204&quot;,&quot;option&quot;:&quot;A&quot;},{&quot;key&quot;:&quot;3253&quot;,&quot;option&quot;:&quot;A&quot;},{&quot;key&quot;:&quot;182&quot;,&quot;option&quot;:&quot;B&quot;},{&quot;key&quot;:&quot;695&quot;,&quot;option&quot;:&quot;A&quot;},{&quot;key&quot;:&quot;1719&quot;,&quot;option&quot;:&quot;B&quot;},{&quot;key&quot;:&quot;2743&quot;,&quot;option&quot;:&quot;A&quot;},{&quot;key&quot;:&quot;2232&quot;,&quot;option&quot;:&quot;B&quot;},{&quot;key&quot;:&quot;3257&quot;,&quot;option&quot;:&quot;A&quot;},{&quot;key&quot;:&quot;9915&quot;,&quot;option&quot;:&quot;B&quot;},{&quot;key&quot;:&quot;2748&quot;,&quot;option&quot;:&quot;B&quot;},{&quot;key&quot;:&quot;2238&quot;,&quot;option&quot;:&quot;B&quot;},{&quot;key&quot;:&quot;3262&quot;,&quot;option&quot;:&quot;B&quot;},{&quot;key&quot;:&quot;3775&quot;,&quot;option&quot;:&quot;B&quot;},{&quot;key&quot;:&quot;3777&quot;,&quot;option&quot;:&quot;A&quot;},{&quot;key&quot;:&quot;3267&quot;,&quot;option&quot;:&quot;B&quot;},{&quot;key&quot;:&quot;39111&quot;,&quot;option&quot;:&quot;A&quot;},{&quot;key&quot;:&quot;3272&quot;,&quot;option&quot;:&quot;B&quot;},{&quot;key&quot;:&quot;4298&quot;,&quot;option&quot;:&quot;A&quot;},{&quot;key&quot;:&quot;2762&quot;,&quot;option&quot;:&quot;B&quot;},{&quot;key&quot;:&quot;2251&quot;,&quot;option&quot;:&quot;B&quot;},{&quot;key&quot;:&quot;2763&quot;,&quot;option&quot;:&quot;B&quot;},{&quot;key&quot;:&quot;3275&quot;,&quot;option&quot;:&quot;B&quot;},{&quot;key&quot;:&quot;4300&quot;,&quot;option&quot;:&quot;A&quot;},{&quot;key&quot;:&quot;717&quot;,&quot;option&quot;:&quot;B&quot;},{&quot;key&quot;:&quot;3789&quot;,&quot;option&quot;:&quot;C&quot;},{&quot;key&quot;:&quot;60109&quot;,&quot;option&quot;:&quot;A&quot;},{&quot;key&quot;:&quot;4814&quot;,&quot;option&quot;:&quot;B&quot;},{&quot;key&quot;:&quot;3791&quot;,&quot;option&quot;:&quot;B&quot;},{&quot;key&quot;:&quot;2257&quot;,&quot;option&quot;:&quot;B&quot;},{&quot;key&quot;:&quot;73424&quot;,&quot;option&quot;:&quot;A&quot;},{&quot;key&quot;:&quot;2770&quot;,&quot;option&quot;:&quot;B&quot;},{&quot;key&quot;:&quot;3795&quot;,&quot;option&quot;:&quot;A&quot;},{&quot;key&quot;:&quot;3285&quot;,&quot;option&quot;:&quot;B&quot;},{&quot;key&quot;:&quot;4821&quot;,&quot;option&quot;:&quot;B&quot;},{&quot;key&quot;:&quot;2776&quot;,&quot;option&quot;:&quot;B&quot;},{&quot;key&quot;:&quot;3288&quot;,&quot;option&quot;:&quot;A&quot;},{&quot;key&quot;:&quot;3800&quot;,&quot;option&quot;:&quot;A&quot;},{&quot;key&quot;:&quot;4314&quot;,&quot;option&quot;:&quot;A&quot;},{&quot;key&quot;:&quot;14554&quot;,&quot;option&quot;:&quot;A&quot;},{&quot;key&quot;:&quot;3293&quot;,&quot;option&quot;:&quot;A&quot;},{&quot;key&quot;:&quot;1246&quot;,&quot;option&quot;:&quot;C&quot;},{&quot;key&quot;:&quot;2784&quot;,&quot;option&quot;:&quot;B&quot;},{&quot;key&quot;:&quot;2785&quot;,&quot;option&quot;:&quot;B&quot;},{&quot;key&quot;:&quot;2275&quot;,&quot;option&quot;:&quot;B&quot;},{&quot;key&quot;:&quot;3300&quot;,&quot;option&quot;:&quot;A&quot;},{&quot;key&quot;:&quot;4324&quot;,&quot;option&quot;:&quot;B&quot;},{&quot;key&quot;:&quot;229&quot;,&quot;option&quot;:&quot;B&quot;},{&quot;key&quot;:&quot;1772&quot;,&quot;option&quot;:&quot;B&quot;},{&quot;key&quot;:&quot;2797&quot;,&quot;option&quot;:&quot;B&quot;},{&quot;key&quot;:&quot;3311&quot;,&quot;option&quot;:&quot;B&quot;},{&quot;key&quot;:&quot;3312&quot;,&quot;option&quot;:&quot;B&quot;},{&quot;key&quot;:&quot;2801&quot;,&quot;option&quot;:&quot;A&quot;},{&quot;key&quot;:&quot;5362&quot;,&quot;option&quot;:&quot;B&quot;},{&quot;key&quot;:&quot;3316&quot;,&quot;option&quot;:&quot;A&quot;},{&quot;key&quot;:&quot;1782&quot;,&quot;option&quot;:&quot;A&quot;},{&quot;key&quot;:&quot;3319&quot;,&quot;option&quot;:&quot;B&quot;},{&quot;key&quot;:&quot;4343&quot;,&quot;option&quot;:&quot;B&quot;},{&quot;key&quot;:&quot;2296&quot;,&quot;option&quot;:&quot;A&quot;},{&quot;key&quot;:&quot;3833&quot;,&quot;option&quot;:&quot;B&quot;},{&quot;key&quot;:&quot;3322&quot;,&quot;option&quot;:&quot;A&quot;},{&quot;key&quot;:&quot;32508&quot;,&quot;option&quot;:&quot;B&quot;},{&quot;key&quot;:&quot;10492&quot;,&quot;option&quot;:&quot;C&quot;},{&quot;key&quot;:&quot;3837&quot;,&quot;option&quot;:&quot;B&quot;},{&quot;key&quot;:&quot;11518&quot;,&quot;option&quot;:&quot;A&quot;},{&quot;key&quot;:&quot;1279&quot;,&quot;option&quot;:&quot;A&quot;},{&quot;key&quot;:&quot;2816&quot;,&quot;option&quot;:&quot;A&quot;},{&quot;key&quot;:&quot;770&quot;,&quot;option&quot;:&quot;B&quot;},{&quot;key&quot;:&quot;2820&quot;,&quot;option&quot;:&quot;A&quot;},{&quot;key&quot;:&quot;6918&quot;,&quot;option&quot;:&quot;B&quot;},{&quot;key&quot;:&quot;2823&quot;,&quot;option&quot;:&quot;B&quot;},{&quot;key&quot;:&quot;2824&quot;,&quot;option&quot;:&quot;A&quot;},{&quot;key&quot;:&quot;2825&quot;,&quot;option&quot;:&quot;B&quot;},{&quot;key&quot;:&quot;4361&quot;,&quot;option&quot;:&quot;B&quot;},{&quot;key&quot;:&quot;5388&quot;,&quot;option&quot;:&quot;B&quot;},{&quot;key&quot;:&quot;3853&quot;,&quot;option&quot;:&quot;B&quot;},{&quot;key&quot;:&quot;1294&quot;,&quot;option&quot;:&quot;B&quot;},{&quot;key&quot;:&quot;1808&quot;,&quot;option&quot;:&quot;B&quot;},{&quot;key&quot;:&quot;3344&quot;,&quot;option&quot;:&quot;B&quot;},{&quot;key&quot;:&quot;3345&quot;,&quot;option&quot;:&quot;B&quot;},{&quot;key&quot;:&quot;274&quot;,&quot;option&quot;:&quot;A&quot;},{&quot;key&quot;:&quot;279&quot;,&quot;option&quot;:&quot;A&quot;},{&quot;key&quot;:&quot;2327&quot;,&quot;option&quot;:&quot;B&quot;},{&quot;key&quot;:&quot;3866&quot;,&quot;option&quot;:&quot;B&quot;},{&quot;key&quot;:&quot;1821&quot;,&quot;option&quot;:&quot;A&quot;},{&quot;key&quot;:&quot;3357&quot;,&quot;option&quot;:&quot;A&quot;},{&quot;key&quot;:&quot;3870&quot;,&quot;option&quot;:&quot;B&quot;},{&quot;key&quot;:&quot;4895&quot;,&quot;option&quot;:&quot;B&quot;},{&quot;key&quot;:&quot;2337&quot;,&quot;option&quot;:&quot;B&quot;},{&quot;key&quot;:&quot;3873&quot;,&quot;option&quot;:&quot;A&quot;},{&quot;key&quot;:&quot;3878&quot;,&quot;option&quot;:&quot;B&quot;},{&quot;key&quot;:&quot;3367&quot;,&quot;option&quot;:&quot;B&quot;},{&quot;key&quot;:&quot;25895&quot;,&quot;option&quot;:&quot;B&quot;},{&quot;key&quot;:&quot;4392&quot;,&quot;option&quot;:&quot;B&quot;},{&quot;key&quot;:&quot;1833&quot;,&quot;option&quot;:&quot;A&quot;},{&quot;key&quot;:&quot;18217&quot;,&quot;option&quot;:&quot;A&quot;},{&quot;key&quot;:&quot;4394&quot;,&quot;option&quot;:&quot;A&quot;},{&quot;key&quot;:&quot;3883&quot;,&quot;option&quot;:&quot;B&quot;},{&quot;key&quot;:&quot;3373&quot;,&quot;option&quot;:&quot;A&quot;},{&quot;key&quot;:&quot;2352&quot;,&quot;option&quot;:&quot;A&quot;},{&quot;key&quot;:&quot;4407&quot;,&quot;option&quot;:&quot;A&quot;},{&quot;key&quot;:&quot;3386&quot;,&quot;option&quot;:&quot;B&quot;},{&quot;key&quot;:&quot;5948&quot;,&quot;option&quot;:&quot;B&quot;},{&quot;key&quot;:&quot;3390&quot;,&quot;option&quot;:&quot;B&quot;},{&quot;key&quot;:&quot;1855&quot;,&quot;option&quot;:&quot;B&quot;},{&quot;key&quot;:&quot;3391&quot;,&quot;option&quot;:&quot;A&quot;},{&quot;key&quot;:&quot;8511&quot;,&quot;option&quot;:&quot;A&quot;},{&quot;key&quot;:&quot;3393&quot;,&quot;option&quot;:&quot;B&quot;},{&quot;key&quot;:&quot;3394&quot;,&quot;option&quot;:&quot;A&quot;},{&quot;key&quot;:&quot;2371&quot;,&quot;option&quot;:&quot;B&quot;},{&quot;key&quot;:&quot;3396&quot;,&quot;option&quot;:&quot;A&quot;},{&quot;key&quot;:&quot;4420&quot;,&quot;option&quot;:&quot;B&quot;},{&quot;key&quot;:&quot;3910&quot;,&quot;option&quot;:&quot;B&quot;},{&quot;key&quot;:&quot;3911&quot;,&quot;option&quot;:&quot;B&quot;},{&quot;key&quot;:&quot;1863&quot;,&quot;option&quot;:&quot;A&quot;},{&quot;key&quot;:&quot;1865&quot;,&quot;option&quot;:&quot;B&quot;},{&quot;key&quot;:&quot;3402&quot;,&quot;option&quot;:&quot;A&quot;},{&quot;key&quot;:&quot;2890&quot;,&quot;option&quot;:&quot;A&quot;},{&quot;key&quot;:&quot;2891&quot;,&quot;option&quot;:&quot;B&quot;},{&quot;key&quot;:&quot;2380&quot;,&quot;option&quot;:&quot;A&quot;},{&quot;key&quot;:&quot;3404&quot;,&quot;option&quot;:&quot;A&quot;},{&quot;key&quot;:&quot;45388&quot;,&quot;option&quot;:&quot;B&quot;},{&quot;key&quot;:&quot;1871&quot;,&quot;option&quot;:&quot;B&quot;},{&quot;key&quot;:&quot;5457&quot;,&quot;option&quot;:&quot;B&quot;},{&quot;key&quot;:&quot;3410&quot;,&quot;option&quot;:&quot;B&quot;},{&quot;key&quot;:&quot;6491&quot;,&quot;option&quot;:&quot;B&quot;},{&quot;key&quot;:&quot;3933&quot;,&quot;option&quot;:&quot;B&quot;},{&quot;key&quot;:&quot;1893&quot;,&quot;option&quot;:&quot;A&quot;},{&quot;key&quot;:&quot;4965&quot;,&quot;option&quot;:&quot;A&quot;},{&quot;key&quot;:&quot;2406&quot;,&quot;option&quot;:&quot;B&quot;},{&quot;key&quot;:&quot;42855&quot;,&quot;option&quot;:&quot;B&quot;},{&quot;key&quot;:&quot;2920&quot;,&quot;option&quot;:&quot;B&quot;},{&quot;key&quot;:&quot;14696&quot;,&quot;option&quot;:&quot;B&quot;},{&quot;key&quot;:&quot;3433&quot;,&quot;option&quot;:&quot;B&quot;},{&quot;key&quot;:&quot;2409&quot;,&quot;option&quot;:&quot;B&quot;},{&quot;key&quot;:&quot;43369&quot;,&quot;option&quot;:&quot;A&quot;},{&quot;key&quot;:&quot;2410&quot;,&quot;option&quot;:&quot;B&quot;},{&quot;key&quot;:&quot;3437&quot;,&quot;option&quot;:&quot;A&quot;},{&quot;key&quot;:&quot;3438&quot;,&quot;option&quot;:&quot;A&quot;},{&quot;key&quot;:&quot;4463&quot;,&quot;option&quot;:&quot;B&quot;},{&quot;key&quot;:&quot;4976&quot;,&quot;option&quot;:&quot;B&quot;},{&quot;key&quot;:&quot;2928&quot;,&quot;option&quot;:&quot;B&quot;},{&quot;key&quot;:&quot;5492&quot;,&quot;option&quot;:&quot;A&quot;},{&quot;key&quot;:&quot;6517&quot;,&quot;option&quot;:&quot;B&quot;},{&quot;key&quot;:&quot;1912&quot;,&quot;option&quot;:&quot;A&quot;},{&quot;key&quot;:&quot;1402&quot;,&quot;option&quot;:&quot;B&quot;},{&quot;key&quot;:&quot;1914&quot;,&quot;option&quot;:&quot;B&quot;},{&quot;key&quot;:&quot;4474&quot;,&quot;option&quot;:&quot;A&quot;},{&quot;key&quot;:&quot;2427&quot;,&quot;option&quot;:&quot;A&quot;},{&quot;key&quot;:&quot;2941&quot;,&quot;option&quot;:&quot;A&quot;},{&quot;key&quot;:&quot;3453&quot;,&quot;option&quot;:&quot;B&quot;},{&quot;key&quot;:&quot;1920&quot;,&quot;option&quot;:&quot;A&quot;},{&quot;key&quot;:&quot;2945&quot;,&quot;option&quot;:&quot;A&quot;},{&quot;key&quot;:&quot;1923&quot;,&quot;option&quot;:&quot;B&quot;},{&quot;key&quot;:&quot;2948&quot;,&quot;option&quot;:&quot;A&quot;},{&quot;key&quot;:&quot;3460&quot;,&quot;option&quot;:&quot;B&quot;},{&quot;key&quot;:&quot;2951&quot;,&quot;option&quot;:&quot;B&quot;},{&quot;key&quot;:&quot;2957&quot;,&quot;option&quot;:&quot;A&quot;},{&quot;key&quot;:&quot;5517&quot;,&quot;option&quot;:&quot;B&quot;},{&quot;key&quot;:&quot;2959&quot;,&quot;option&quot;:&quot;B&quot;},{&quot;key&quot;:&quot;2449&quot;,&quot;option&quot;:&quot;B&quot;},{&quot;key&quot;:&quot;3474&quot;,&quot;option&quot;:&quot;A&quot;},{&quot;key&quot;:&quot;11158&quot;,&quot;option&quot;:&quot;A&quot;},{&quot;key&quot;:&quot;5526&quot;,&quot;option&quot;:&quot;A&quot;},{&quot;key&quot;:&quot;2967&quot;,&quot;option&quot;:&quot;B&quot;},{&quot;key&quot;:&quot;3482&quot;,&quot;option&quot;:&quot;B&quot;},{&quot;key&quot;:&quot;1957&quot;,&quot;option&quot;:&quot;A&quot;},{&quot;key&quot;:&quot;11685&quot;,&quot;option&quot;:&quot;B&quot;},{&quot;key&quot;:&quot;423&quot;,&quot;option&quot;:&quot;B&quot;},{&quot;key&quot;:&quot;2472&quot;,&quot;option&quot;:&quot;B&quot;},{&quot;key&quot;:&quot;2985&quot;,&quot;option&quot;:&quot;B&quot;},{&quot;key&quot;:&quot;3499&quot;,&quot;option&quot;:&quot;B&quot;},{&quot;key&quot;:&quot;17329&quot;,&quot;option&quot;:&quot;B&quot;},{&quot;key&quot;:&quot;2484&quot;,&quot;option&quot;:&quot;B&quot;},{&quot;key&quot;:&quot;1972&quot;,&quot;option&quot;:&quot;B&quot;},{&quot;key&quot;:&quot;5045&quot;,&quot;option&quot;:&quot;B&quot;},{&quot;key&quot;:&quot;5557&quot;,&quot;option&quot;:&quot;B&quot;},{&quot;key&quot;:&quot;3000&quot;,&quot;option&quot;:&quot;B&quot;},{&quot;key&quot;:&quot;3512&quot;,&quot;option&quot;:&quot;A&quot;},{&quot;key&quot;:&quot;2491&quot;,&quot;option&quot;:&quot;A&quot;},{&quot;key&quot;:&quot;1979&quot;,&quot;option&quot;:&quot;B&quot;},{&quot;key&quot;:&quot;1982&quot;,&quot;option&quot;:&quot;B&quot;},{&quot;key&quot;:&quot;3518&quot;,&quot;option&quot;:&quot;A&quot;},{&quot;key&quot;:&quot;3007&quot;,&quot;option&quot;:&quot;A&quot;},{&quot;key&quot;:&quot;960&quot;,&quot;option&quot;:&quot;B&quot;},{&quot;key&quot;:&quot;4548&quot;,&quot;option&quot;:&quot;B&quot;},{&quot;key&quot;:&quot;3013&quot;,&quot;option&quot;:&quot;B&quot;},{&quot;key&quot;:&quot;3017&quot;,&quot;option&quot;:&quot;A&quot;},{&quot;key&quot;:&quot;54217&quot;,&quot;option&quot;:&quot;E&quot;},{&quot;key&quot;:&quot;29643&quot;,&quot;option&quot;:&quot;A&quot;},{&quot;key&quot;:&quot;4045&quot;,&quot;option&quot;:&quot;B&quot;},{&quot;key&quot;:&quot;3028&quot;,&quot;option&quot;:&quot;A&quot;},{&quot;key&quot;:&quot;3029&quot;,&quot;option&quot;:&quot;A&quot;},{&quot;key&quot;:&quot;3030&quot;,&quot;option&quot;:&quot;B&quot;},{&quot;key&quot;:&quot;52182&quot;,&quot;option&quot;:&quot;A&quot;},{&quot;key&quot;:&quot;2521&quot;,&quot;option&quot;:&quot;B&quot;},{&quot;key&quot;:&quot;2009&quot;,&quot;option&quot;:&quot;B&quot;},{&quot;key&quot;:&quot;13273&quot;,&quot;option&quot;:&quot;D&quot;},{&quot;key&quot;:&quot;2011&quot;,&quot;option&quot;:&quot;B&quot;},{&quot;key&quot;:&quot;24540&quot;,&quot;option&quot;:&quot;B&quot;},{&quot;key&quot;:&quot;29662&quot;,&quot;option&quot;:&quot;A&quot;},{&quot;key&quot;:&quot;7134&quot;,&quot;option&quot;:&quot;B&quot;},{&quot;key&quot;:&quot;8677&quot;,&quot;option&quot;:&quot;B&quot;},{&quot;key&quot;:&quot;998&quot;,&quot;option&quot;:&quot;A&quot;},{&quot;key&quot;:&quot;1511&quot;,&quot;option&quot;:&quot;A&quot;},{&quot;key&quot;:&quot;2535&quot;,&quot;option&quot;:&quot;A&quot;},{&quot;key&quot;:&quot;2536&quot;,&quot;option&quot;:&quot;A&quot;},{&quot;key&quot;:&quot;4078&quot;,&quot;option&quot;:&quot;B&quot;},{&quot;key&quot;:&quot;2543&quot;,&quot;option&quot;:&quot;B&quot;},{&quot;key&quot;:&quot;4082&quot;,&quot;option&quot;:&quot;B&quot;},{&quot;key&quot;:&quot;3061&quot;,&quot;option&quot;:&quot;B&quot;},{&quot;key&quot;:&quot;502&quot;,&quot;option&quot;:&quot;A&quot;},{&quot;key&quot;:&quot;2553&quot;,&quot;option&quot;:&quot;B&quot;},{&quot;key&quot;:&quot;2554&quot;,&quot;option&quot;:&quot;A&quot;},{&quot;key&quot;:&quot;3580&quot;,&quot;option&quot;:&quot;B&quot;},{&quot;key&quot;:&quot;2557&quot;,&quot;option&quot;:&quot;B&quot;},{&quot;key&quot;:&quot;3069&quot;,&quot;option&quot;:&quot;A&quot;},{&quot;key&quot;:&quot;4606&quot;,&quot;option&quot;:&quot;C&quot;},{&quot;key&quot;:&quot;2559&quot;,&quot;option&quot;:&quot;B&quot;}], "login":"N", "travelAbTestInflows":"", "isTravelAbTestTargetB":false, "wiselogSid":"coupang", "profile":"", "isProduct":"", "pineAccessCheck":"", "vendorItemPackageId":"", "cartapiUrl":"//cart.coupang.com", "checkoutUrl":"", "isRenewalRecentlyViewedProduct": "true", "useSearchApi":"false", "isPagingTarget":"false",
    "qctoken":"","collectionType":"", "webDomain":"", "isTargetOfDeliveryInformation":"false", "freeShippingOverAmount":"", "trCid":"", "trAid":"" }'
    data-web-product-global-ff='{&quot;blackList&quot;:&quot;&quot;}'
    data-coulog-config='{"initCustomURL":"", "initLogLabel":"", "preventDefaultLogging":""}' data-fodium-web-url="//reco.coupang.com" class="product renewal"
      data-apply-breadcrumbs-new-style="true">
    <!-- skip navigator -->
<nav id="skip-navigation">
    <div style="font-size: 1.5em; font-weight: bold">스킵 네비게이션</div>
    <a href="#login">#로그인 바로가기</a>
    <a href="#header">#메뉴 바로가기</a>
    <a href="#gnbAnalytics">#카테고리 바로가기</a>
    <a href="#contents">#본문 바로가기</a>
</nav>
<hr />

<div id="red-carpet-info" data-red-carpet-promotion-header='{}' data-red-carpet-promotion-popup='{}'></div>

<div id="browserSupportWrap" style="display: none">
    <div class="bs-wrap">
        <p class="bs-message">고객님의 브라우저에서는 쿠팡이 정상 동작하지 않습니다.<br />
            인터넷 익스플로러 업데이트, 크롬 또는 파이어폭스 브라우저를 설치하세요.</p>
        <ul class="bs-browser-download">
            <li class="ie"><a href="https://windows.microsoft.com/ko-kr/internet-explorer/download-ie" target="_blank">인터넷 익스플로러<br /> <em>업데이트하기</em></a></li>
            <li class="chrome"><a href="https://www.google.com/chrome/browser/desktop/index.html" target="_blank">크롬<br /> <em>설치하기</em></a></li>
            <li class="firefox"><a href="https://www.mozilla.org/ko/firefox/new/" target="_blank">파이어폭스<br /> <em>설치하기</em></a></li>
        </ul>
    </div>
</div>

<script>
    try {
        var DEP_IE_VER = 10;
        var uam = navigator.userAgent.match(/MSIE\s+(\d+)/);
        if (uam && uam.length >= 2 && parseInt(uam[1]) <= DEP_IE_VER) {
            document.getElementById('browserSupportWrap').style.display = 'block';
        }
    } catch (err) {
        console.log(err);
    }
</script>




    
        
    
    <div id="container" class="renewal  product  srp-sync srp-sync-brand">
        <div id="full-gnb-header" class="renewal-header noneab48732 applyNewGNBIcons " data-show-responsive-gnb="false" data-disable-sdp-sticky-gnb="true"><header id="header" class="" ><section><div class="clearFix search-form-wrap"><span class="logo"><a href="/" title="Coupang - 내가 잘사는 이유" data-log-props='{ "id": "coupang_logo" }'><img src="//image7.coupangcdn.com/image/coupang/common/logo_coupang_w350.png" width="174" height="41" alt="쿠팡로고"></a></span><div class="search-form product-search clearFix"><form id="headerSearchForm" method="get" action="/np/search" data-actionurl="/np/search"><fieldset><legend>상품검색</legend><div class="header-searchForm"><div class="select--category"><a href="#" class="select--category--button"></a>      <a href="#" class="select--category__current" id="currentCategoryText" data-linkcode="">전체</a>     </div><select id="searchCategories" class="search_category_filter" data-name=""><option value="-1">전체</option>   </select> <input type="hidden" name="component" id="searchSelectedCategory" value=""> <label for="headerSearchKeyword"> <input type="text" id="headerSearchKeyword" class="coupang-search" name="q" title="쿠팡 상품 검색" value="" data-searchad='{"channel":"", "copy":"찾고 싶은 상품을 검색해보세요!", "linkType":"", "linkContent":"", "newWindow":""}' placeholder="찾고 싶은 상품을 검색해보세요!" autocomplete="off"></label></div><input type="hidden" name="channel" value="user"> <a href="javascript:;" id="headerSearchBtn" class="search" title="검색">검색</a></fieldset></form><div id="headerPopupWords" class="popularity-words"></div><div class="history-btns"><span class="delete-all-kwdhistory del-button">전체삭제</span><span class="history-onoff on">최근검색어끄기</span></div></div><ul class="icon-menus"> <li class="my-coupang more"><a href="https://mc.coupang.com/ssr/desktop/order/list" data-log-props='{ "id": "mycoupang" }'><span class="my-coupang-icon gnb-icon-item"><img src="https://static.coupangcdn.com/image/coupang/common/pc_header_img_sprite_new_gnb.svg#person" width="30" height="30"> </span><span class="my-coupang-title">마이쿠팡</span></a><p class="my-coupang-menu"><span class="wrapper"><i class="speech-icon"></i> <a href="https://mc.coupang.com/ssr/desktop/order/list" data-log-props='{ "id": "mycoupang_1" }'>주문목록</a> <a href="https://mc.coupang.com/ssr/desktop/cancel-return-exchange/list" data-log-props='{ "id": "mycoupang_2" }'>취소/반품</a>  <a href="//wish-web.coupang.com/wishInitView.pang" data-log-props='{ "id": "mycoupang_4" }'>찜 리스트</a>  <a href="https://subscribe-order.coupang.com/manage/subs.pang
    " class="subscription-menu-a" data-log-props='{ "id": "mycoupang_5" }'><span class="subscription-menu-label">정기배송</span><span class="subscription-menu-warning-icon"></span> </a></span></p></li><li class="cart more"><a href="//cart.coupang.com/cartView.pang" class="mycart-preview-module" data-log-props='{ "id": "cart" }'><span class="cart-icon gnb-icon-item"><img src="https://static.coupangcdn.com/image/coupang/common/pc_header_img_sprite_new_gnb.svg#cart" width="28" height="28"> </span><span class="cart-title">장바구니</span> <em id="headerCartCount"></em></a><div id="mycart-preview"><span class="wrapper"><i class="speech-icon"></i><ul class="mycart-preview-products"></ul></span></div></li></ul></div><div id="gnb-menu-container" class="gnb-menu-container"><div class="gnb-menu-btn gnb-menu-btn-left"></div><ul class="gnb-menu-scroll"></ul><div class="gnb-menu-btn gnb-menu-btn-right gnb-menu-btn-active"></div><script type="text/javascript">(function() {
            var activeClass = 'gnb-menu-btn-active';
            var container = document.querySelector('#gnb-menu-container');
            var menu = container.querySelector('.gnb-menu-scroll');
            var section = document.querySelector('#header >section');
            var leftBtn = document.querySelector('.gnb-menu-btn-left');
            var rightBtn = document.querySelector('.gnb-menu-btn-right');
            var BTN_WIDTH = 22;
            var MARGIN = 2;
            var exceededWidth = 0;
            var inited = false;

            window.addEventListener('resize', init);
            init();


            function init() {
                if (menu.clientWidth > container.clientWidth) {
                    exceededWidth = menu.clientWidth - container.clientWidth;

                    showBtns();
                    addEventListenersToBtns();
                } else if (inited) {
                    hideBtns();
                }
                inited = true;
            }

            function setBtnActive(btn) {
                if (btn.className.indexOf(activeClass) === -1) {
                    btn.className += ' ' + activeClass;
                }
            }
            function removeBtnActive(btn) {
                return btn.className
                    .replace(activeClass, '')
                    .trim();
            }

            /**
                * display the scroll buttons
                */
            function showBtns() {
                var btns = document.querySelectorAll('.gnb-menu-btn');
                btns.forEach(function(btn) {
                    btn.style.display = 'inline-block';
                });

                // rightBtn is default active
                setBtnActive(rightBtn);

                container.style.overflow = 'hidden';
                

                // For css animation
                var animationClass = 'gnb-menu-animation';
                if (menu.className.indexOf(animationClass) === -1) {
                    menu.className += ' ' + animationClass;
                }
            }
            function hideBtns() {
                var btns = document.querySelectorAll('.gnb-menu-btn');
                btns.forEach(function(btn) {
                    btn.style.display = 'none';
                    btn.className = removeBtnActive(btn);
                });
                container.style.overflow = 'visible';
                menu.style.left = '';
                
            }

            function addEventListenersToBtns() {
                leftBtn.addEventListener(
                    'click',
                    scrollToEdge('left', leftBtn, rightBtn)
                );
                rightBtn.addEventListener(
                    'click',
                    scrollToEdge('right', leftBtn, rightBtn)
                );
            }

            function scrollToEdge(direction, leftBtn, rightBtn) {
                return function() {
                    if (direction === 'left') {
                        menu.style.left = BTN_WIDTH + 'px';
                        leftBtn.className = removeBtnActive(leftBtn);
                        setBtnActive(rightBtn);
                    }
                    if (direction === 'right') {
                        menu.style.left = -(exceededWidth + BTN_WIDTH + MARGIN) + 'px';
                        rightBtn.className = removeBtnActive(rightBtn);
                        setBtnActive(leftBtn);
                    }
                }
            }
        })();</script></div></section><div class="category-btn category-2depth-active "><a href="javascript:;">카테고리</a> </div></header><article class="top-bar"><section class="clearFix"><menu id="headerMenu"> 
    
    <li id="login" class="log" ><a href="https://login.coupang.com/login/login.pang?rtnUrl=https%3A%2F%2Fwww.coupang.com%2Fnp%2Fpost%2Flogin%3Fr%3D" data-replaced="true" class="login" data-log-props='{ "id":"login_GNB_V2"}'>로그인</a></li>
	<li id="join" class="join"><a href="https://login.coupang.com/login/memberJoinFrm.pang" data-log-props='{ "id":"member_register_GNB_V2"}'>회원가입</a></li>



<li class="cs-center more"><a href="https://mc.coupang.com/ssr/desktop/contact/faq" data-log-props='{ "id":"customer_center" }'>고객센터</a><p><a href="https://mc.coupang.com/ssr/desktop/contact/faq" data-log-props='{ "id":"customer_center_1" }'>자주묻는 질문</a> <a href="https://mc.coupang.com/ssr/desktop/contact/inquiry" data-log-props='{ "id":"customer_center_3" }'>1:1 채팅문의</a> <a href="https://mc.coupang.com/ssr/desktop/contact/voc" data-log-props='{ "id":"customer_center_2" }'>고객의 소리</a> <a href="https://www.coupang.com/returnPolicy.pang" data-log-props='{ "id":"customer_center_4" }'>취소 / 반품 안내</a></p></li></menu><menu id="subscribeHeader"><li class=""><a class="bookmark" data-log-props='{ "id": "add_to_favorites" }'>즐겨찾기</a></li><li class="vendor-join more"><a class="dropdown_menu_flag">입점신청<i class="ic"></i></a><p><a href="https://marketplace.coupangcorp.com/s/?utm_source=button_pc&amp;utm_medium=non_paid&amp;utm_campaign=onsite_ca&amp;utm_id=coupang_app?inflow=WEB_HEADER_B" data-log-props='{ "id":"seller_page" }' target="_blank">오픈마켓</a> <a href="https://with.coupang.com/contract/initialize?inflow=WEB_HEADER_B" data-log-props='{ "id":"travel_seller_page" }' target="_blank">여행·티켓</a> <a href="https://supplier.coupang.com/welcome/join" data-log-props='{ "id":"rocket_seller_page" }' target="_blank">로켓배송</a> <a href="https://partners.coupang.com" data-log-props=' { "id":"affiliate_marketing_page" } ' target="_blank">제휴마케팅</a></p></li></menu></section></article></div><hr>
        
            <div class="sdp-header-divider"></div>
        

        

        
        <section id="contents" class="contents product  contents-responsive"
                data-reference="{&quot;productId&quot;:&quot;8009070810&quot;,&quot;cartApiUrl&quot;:&quot;//cart.coupang.com&quot;}"
                data-product-id="8009070810"
                data-vendor-item-id=""
                data-item-id=""
                data-category-id=""
                data-is-subscribable=""
                data-vendor-item-package-id=""
                data-make-sdp-responsive="B"
                data-overseas-item-type=""
                >
            
            
    

    
    
    
    
        <div class="responsive-sdp-right-margin">
            <div id="sdp-mid-banner-btf" style="display: none;"></div>
            <div id="sdp-persistent-cart" style="display: none;"></div>
        </div>
    

    
    
    
    
        <div class="prod-atf">
            
<ul
	id="breadcrumb"
	class="
		new-breadcrumbs-style
	"
>
    
        <li><a href="https://www.coupang.com/" class="breadcrumb-link">쿠팡 홈</a> <svg class="breadcrumb-arrow-icon" width="12" height="13" viewBox="0 0 12 13" fill="none" xmlns="http://www.w3.org/2000/svg">
            <path d="M3.8859 2.15732C4.0606 1.9717 4.34367 1.94925 4.54434 2.09575L4.59268 2.1359L8.84268 6.1359C9.03746 6.31922 9.05137 6.61975 8.88442 6.81982L8.84268 6.8641L4.59268 10.8641C4.3916 11.0534 4.07516 11.0438 3.8859 10.8427C3.7112 10.6571 3.70593 10.3732 3.86432 10.1817L3.90732 10.1359L7.77 6.50001L3.90732 2.8641C3.7217 2.6894 3.69925 2.40634 3.84575 2.20566L3.8859 2.15732Z" fill="#AAB5C0"/>
        </svg></li>
        
            <li>
                <a href="https://www.coupang.com/np/categories/510691" class="breadcrumb-link"
                   title="쿠팡수입"
                   data-gaclick='{"hitType":"event", "eventCategory":"breadcrumb", "eventAction":"click", "eventLabel":"", "eventValue":0}'>
                    쿠팡수입
                </a>
                <svg class="breadcrumb-arrow-icon" width="12" height="13" viewBox="0 0 12 13" fill="none" xmlns="http://www.w3.org/2000/svg">
            <path d="M3.8859 2.15732C4.0606 1.9717 4.34367 1.94925 4.54434 2.09575L4.59268 2.1359L8.84268 6.1359C9.03746 6.31922 9.05137 6.61975 8.88442 6.81982L8.84268 6.8641L4.59268 10.8641C4.3916 11.0534 4.07516 11.0438 3.8859 10.8427C3.7112 10.6571 3.70593 10.3732 3.86432 10.1817L3.90732 10.1359L7.77 6.50001L3.90732 2.8641C3.7217 2.6894 3.69925 2.40634 3.84575 2.20566L3.8859 2.15732Z" fill="#AAB5C0"/>
        </svg>
            </li>
        
            <li>
                <a href="https://www.coupang.com/np/categories/519619" class="breadcrumb-link"
                   title="식품"
                   data-gaclick='{"hitType":"event", "eventCategory":"breadcrumb", "eventAction":"click", "eventLabel":"", "eventValue":0}'>
                    식품
                </a>
                <svg class="breadcrumb-arrow-icon" width="12" height="13" viewBox="0 0 12 13" fill="none" xmlns="http://www.w3.org/2000/svg">
            <path d="M3.8859 2.15732C4.0606 1.9717 4.34367 1.94925 4.54434 2.09575L4.59268 2.1359L8.84268 6.1359C9.03746 6.31922 9.05137 6.61975 8.88442 6.81982L8.84268 6.8641L4.59268 10.8641C4.3916 11.0534 4.07516 11.0438 3.8859 10.8427C3.7112 10.6571 3.70593 10.3732 3.86432 10.1817L3.90732 10.1359L7.77 6.50001L3.90732 2.8641C3.7217 2.6894 3.69925 2.40634 3.84575 2.20566L3.8859 2.15732Z" fill="#AAB5C0"/>
        </svg>
            </li>
        
            <li>
                <a href="https://www.coupang.com/np/categories/519782" class="breadcrumb-link"
                   title="과자/초콜릿/시리얼"
                   data-gaclick='{"hitType":"event", "eventCategory":"breadcrumb", "eventAction":"click", "eventLabel":"", "eventValue":0}'>
                    과자/초콜릿/시리얼
                </a>
                <svg class="breadcrumb-arrow-icon" width="12" height="13" viewBox="0 0 12 13" fill="none" xmlns="http://www.w3.org/2000/svg">
            <path d="M3.8859 2.15732C4.0606 1.9717 4.34367 1.94925 4.54434 2.09575L4.59268 2.1359L8.84268 6.1359C9.03746 6.31922 9.05137 6.61975 8.88442 6.81982L8.84268 6.8641L4.59268 10.8641C4.3916 11.0534 4.07516 11.0438 3.8859 10.8427C3.7112 10.6571 3.70593 10.3732 3.86432 10.1817L3.90732 10.1359L7.77 6.50001L3.90732 2.8641C3.7217 2.6894 3.69925 2.40634 3.84575 2.20566L3.8859 2.15732Z" fill="#AAB5C0"/>
        </svg>
            </li>
        
            <li>
                <a href="https://www.coupang.com/np/categories/519783" class="breadcrumb-link"
                   title="과자"
                   data-gaclick='{"hitType":"event", "eventCategory":"breadcrumb", "eventAction":"click", "eventLabel":"", "eventValue":0}'>
                    과자
                </a>
                <svg class="breadcrumb-arrow-icon" width="12" height="13" viewBox="0 0 12 13" fill="none" xmlns="http://www.w3.org/2000/svg">
            <path d="M3.8859 2.15732C4.0606 1.9717 4.34367 1.94925 4.54434 2.09575L4.59268 2.1359L8.84268 6.1359C9.03746 6.31922 9.05137 6.61975 8.88442 6.81982L8.84268 6.8641L4.59268 10.8641C4.3916 11.0534 4.07516 11.0438 3.8859 10.8427C3.7112 10.6571 3.70593 10.3732 3.86432 10.1817L3.90732 10.1359L7.77 6.50001L3.90732 2.8641C3.7217 2.6894 3.69925 2.40634 3.84575 2.20566L3.8859 2.15732Z" fill="#AAB5C0"/>
        </svg>
            </li>
        
            <li>
                <a href="https://www.coupang.com/np/categories/519790" class="breadcrumb-link"
                   title="기타과자"
                   data-gaclick='{"hitType":"event", "eventCategory":"breadcrumb", "eventAction":"click", "eventLabel":"", "eventValue":0}'>
                    기타과자
                </a>
                
            </li>
        
    
	
		<div class="flex-placeholder"></div>
	
</ul>

            <div class="prod-atf-main">
                <script>
    function _logTTI(img){
        if(window.logTime) {
            logTime(img);
            window.logImageLoadTime && logImageLoadTime(img);
            // avoid invoke twice
            _logTTI = function () {
            };
        }
    }
</script>





    


    
        
    
        
    
        
    
        
    
        
    
        
    
        
    
        
    
        
    
        
    

<div class="prod-image  " data-global-banner-fold="">
    <div id="repImageContainer" class="prod-image-container"
         data-global-banner-fold=""
         data-sdp-zoom-in-ab-test=""
         data-sdp-atf-image-video-impression="B"
        data-ff-seo-169="false"
    >
        <div class="prod-image__items">
            
                
                    <div class="prod-image__item prod-image__item--active">
                    <img src="data:image/gif;base64,R0lGODlhAQABAAAAACH5BAEKAAEALAAAAAABAAEAAAICTAEAOw==" onerror="this.src='//t1a.coupangcdn.com/thumbnails/remote/490x490/image/coupang/common/no_img_1000_1000.png';"
                        alt="thumb image" data-src="//thumbnail9.coupangcdn.com/thumbnails/remote/48x48ex/image/retail/images/2024/04/10/15/1/1e559580-921f-4b51-b9e7-225479eaccf5.jpg" class="lazy-load-img">
                        <i class="prod-image__item__border"></i>
                    </div>
                
            
                
                    <div class="prod-image__item">
                    <img src="data:image/gif;base64,R0lGODlhAQABAAAAACH5BAEKAAEALAAAAAABAAEAAAICTAEAOw==" onerror="this.src='//t1a.coupangcdn.com/thumbnails/remote/490x490/image/coupang/common/no_img_1000_1000.png';"
                        alt="thumb image" data-src="//thumbnail7.coupangcdn.com/thumbnails/remote/48x48ex/image/retail/images/2024/04/10/15/6/fcb0b460-bd44-4d29-aa72-aa57cd47f66e.png" class="lazy-load-img">
                        <i class="prod-image__item__border"></i>
                    </div>
                
            
                
                    <div class="prod-image__item">
                    <img src="data:image/gif;base64,R0lGODlhAQABAAAAACH5BAEKAAEALAAAAAABAAEAAAICTAEAOw==" onerror="this.src='//t1a.coupangcdn.com/thumbnails/remote/490x490/image/coupang/common/no_img_1000_1000.png';"
                        alt="thumb image" data-src="//thumbnail7.coupangcdn.com/thumbnails/remote/48x48ex/image/retail/images/2024/04/10/15/2/d497cfde-b0ff-417a-8aa3-697238158fa4.png" class="lazy-load-img">
                        <i class="prod-image__item__border"></i>
                    </div>
                
            
                
                    <div class="prod-image__item">
                    <img src="data:image/gif;base64,R0lGODlhAQABAAAAACH5BAEKAAEALAAAAAABAAEAAAICTAEAOw==" onerror="this.src='//t1a.coupangcdn.com/thumbnails/remote/490x490/image/coupang/common/no_img_1000_1000.png';"
                        alt="thumb image" data-src="//thumbnail9.coupangcdn.com/thumbnails/remote/48x48ex/image/retail/images/2024/04/10/15/3/4c628f66-e6d2-4639-b0d0-e57d5047efd5.png" class="lazy-load-img">
                        <i class="prod-image__item__border"></i>
                    </div>
                
            
                
                    <div class="prod-image__item">
                    <img src="data:image/gif;base64,R0lGODlhAQABAAAAACH5BAEKAAEALAAAAAABAAEAAAICTAEAOw==" onerror="this.src='//t1a.coupangcdn.com/thumbnails/remote/490x490/image/coupang/common/no_img_1000_1000.png';"
                        alt="thumb image" data-src="//thumbnail8.coupangcdn.com/thumbnails/remote/48x48ex/image/retail/images/2024/04/10/15/5/125934e4-004b-43f2-ae73-0829e277ee19.png" class="lazy-load-img">
                        <i class="prod-image__item__border"></i>
                    </div>
                
            
            
        </div>
        
            <img class="prod-image__detail"
                 src="//thumbnail9.coupangcdn.com/thumbnails/remote/230x230ex/image/retail/images/2024/04/10/15/1/1e559580-921f-4b51-b9e7-225479eaccf5.jpg"
                 onload="_logTTI(this)" data-tti="true"
                 data-preload-img-src="//thumbnail9.coupangcdn.com/thumbnails/remote/230x230ex/image/retail/images/2024/04/10/15/1/1e559580-921f-4b51-b9e7-225479eaccf5.jpg"
                 onerror="this.src='//t1a.coupangcdn.com/thumbnails/remote/490x490/image/coupang/common/no_img_1000_1000.png';"
                 alt="detail image"
            />
        
        
        <div id="freebieImage" style="display: none;"></div>
        <div id="freebieBanner" style="display: none;"></div>
    </div>
    
    <div id="prodStickyBanner" class="product-sticky-banner-clickable prod-sticky-banner"></div>
</div>


<div class="subscribe-banner">
</div>

                
<div class="prod-buy 
    
	
	  new-oos-style
	not-loyalty-member
	eligible-address
	
    without-subscribe-buy-type
    DISPLAY_0
    
	
	
	 
    fix-verdor-section-display
    
    
    
    prod-buy-alias
    update-price-section-style-with-rds
    " data-fresh-eligible="false"
    data-display-rocket-luxury-delayed-pdd="false"
    data-wow-benefit-sameday-delivery=""
    data-is-rocket-plus-2-description-change-target="true"
    data-delayed-pdd-design-change="false"
    data-delivery-fee-toggle-status="false"
    data-sdp-wish-new-tip="true"
    data-show-rating-details-upon-hover="false"
    data-fix-vendor-section-display="true"
    data-change-quantity-picker-interaction="false"
    data-move-atc-and-buy-now-ctas-atf="false"
    data-fix-exposing-trial-ux-to-withdraw-flag="" 
    data-tc-fix-option-table-delivery-fee="true" 
    data-iphone-pre-order="false"
    data-use-simple-btf="false"
>
 
    <div class="prod-buy-blocker">
        <div class="prod-buy-blocker__bg"></div>
        <div class="prod-buy-blocker__spinner"></div>
    </div>
    <div class="prod-title-badges">
    
        
    
        
    


    <span class="prod-pre-order-badge" style="display: none">
        <span class="prod-pre-order-badge-text"></span>
	</span>

    

    
        
    
</div>

<a href="" class="prod-brand-name brandshop-link " data-brand-name="해태제과"
    data-shop-plus-link="https://shop.coupang.com/vid/brand-plus/A00010243/v1url/https%3A%2F%2Fwww.coupang.com%2Fnp%2Fproducts%2Fbrand-shop%3FbrandName%3D%ED%95%B4%ED%83%9C%EC%A0%9C%EA%B3%BC?source=brandstore_sdp_atf_topbadge&amp;pid=8009070810&amp;viid=89463005056&amp;platform=p"
   data-coulog='{"logCategory":"event", "logType":"click", "logLabel":"brandName", "customURL":"/click_sdp_brand_name", "extraParam":"page=SDP&type=brandSDP&contents=brandName&productId=8009070810&vendorItemId=89463005056"}'
   >
    
    
        해태제과
    
</a>





    

<div class="prod-buy-header">

    

    <h1 class="prod-buy-header__title">해태제과 홈런볼 소금 우유, 41g, 4개</h1>

    
        <div class="prod-buy-header__origin_country prod-buy-header__origin_country_margin">원산지: 상품 상세설명 참조</div>
    

    <div class="prod-buy-header__info top-review-attributes">
        
        <span class="prod-buy-header__productreview " data-virolecode="3" id="prod-buy-header__productreview" style="display:block;">
            <a href="#sdpReview" class="moveAnchor" id="prod-review-nav-link">
                
                <span class="rating-star-container "  style="float:left;">
                    <span class="rating-star-num" style="width: 100.0%;"></span>
                </span>
                <span class="count">1,912개 상품평</span>
            </a>
        </span>
    </div>
    

    
        
          <div class="prod-favorite ">
              <button class="prod-favorite-btn "></button>
          </div>
        
    

    <div class="prod-share ">
        <button class="prod-share-btn"></button>
        <div class="prod-share-layer" data-use-new-share-link="true">
    <ul>
        <li class="prod-share__item"><span class="prod-share__twitter" data-title="해태제과 홈런볼 소금 우유, 41g, 4개">twitter 공유하기</span></li>
        <li class="prod-share__item"><span class="prod-share__mail" data-layer="#productPopMail" data-title="해태제과 홈런볼 소금 우유, 41g, 4개">mail 보내기</span></li>
        <li class="prod-share__item"><iframe class="prod-share__facebook" src="" scrolling="no" frameborder="0" style="border:none; overflow:hidden; height:21px;" allowtransparency="true"></iframe></li>
    </ul>
    <a class="prod-share-close" href="javascript:void(0)">X</a>
</div>

    </div>

</div>


    
    <div class="prod-author"  style="display: none;">
    
</div>


    <div class="prod-price-container">
    <span class="fashion-unavailable-msg">품절</span>
    <div class="prod-price">
        
            
<div class="prod-price-onetime">
    
        
    
        
            
                <div class="prod-origin-price ">
                    
                        <span class="discount-rate">2%</span>
                    
                    <span class="origin-price">
                        
                            4,440원
                        
                    </span>
                    
                        <div class="origin-price-info-icon"></div>
                    
                </div>
            
        

        

        
            
        

        
            
            
                
            
            
            
        
            
            
            
            
        
            
            
            
            
        
            
            
            
            
        
            
            
            
            
        
            
            
            
            
        
            
            
            
            
        
            
            
            
            
        
            
            
            
            
        
            
            
            
            
        
        
            
        
        
            

            
        
        
            
                
    <div class="prod-coupon-price price-align
        
            
                major-price-coupon
            
        
        ">
        
            <span class="total-price">
                
                
                    
                        <strong>4,350원</strong>
                    
                
            </span>
            
            
                
                    
                        <span class="unit-price font-medium">(10g당 265원)</span>
                    
                
            
            
        
        
            <div class="price-badge-list price-badge-margin">
<table class="badge-table">

	<tr class="BADGE_DISPLAY_0">
        <td class="td-delivery-badge">
            
                <img src="https://image10.coupangcdn.com/image/badges/rocket/rocket_logo.png" class="delivery-badge-img ">
            
        </td>

		

        
		<td class="td-icon">
            
            
                
                

                <!-- ROCKET_MERCHANT can be both rocketWow or normal rocket, so, judge it first -->
                
                      
                          
                      
                
            
		</td>
        
	</tr>

	<tr class="BADGE_DISPLAY_1">
        <td class="td-delivery-badge">
            
                <img src="https://image10.coupangcdn.com/image/badges/rocket/rocket_logo.png" class="delivery-badge-img ">
            
        </td>

		

        
		<td class="td-icon">
            
            
                
                

                <!-- ROCKET_MERCHANT can be both rocketWow or normal rocket, so, judge it first -->
                
                      
                          
                      
                
            
		</td>
        
	</tr>

</table>
</div>


<div class="prod-pre-order-msg" style="display: none">
    <span class="prod-pre-order-msg-info">사전예약 상품</span>
    <div class="question-mark-rocket-plus"></div>
    <div class="question-mark-pre-order-popup" style="display: none;">
            <span class="question-mark-pre-order-popup__info">
                사전예약 상품은 예약 구매 후 도착<br>
                예정일에 수령하는 상품입니다.
            </span>
        <span class="question-mark-pre-order-popup-close-btn"></span>
    </div>
</div>


        
    </div>


            
        

        


        

        
        
        
            
                
                    
                        
                    
                
            
        

        


        
    




        
    




        
            

            
        
            

            
        
            

            
        
            

            
        
            

            
        
            

            
        
            

            
        
            

            
        
            

            
                
            
        
            

            
        

        
        
        
        
        

        


        
        
        
            <div class="prod-cash-promotion-container">
                
            </div>
        

        
            <div class="prod-benefit-badge-wrap">
                <div class="prod-ccid-badge-container">
                    

                </div>
                
            </div>
        

        <div class="prod-targeted-promotion-banner-container">
            
    


        </div>
    
    
        
    
    
    
    
        
            
        
    

    
</div>

 
        

    </div>

    
    
        
        
            
        
        
        
            <button class="prod-coupon-download-btn" style="display: none;">쿠폰받기</button>
        
        <div class="prod-coupon-download-layer"></div>
    

    <div class="subscribe-learnmore-container"></div>
</div>



    
    <div class="prod-limit-notice-container">

</div>


    
    
    
    
    
        
    
        
    
        
    
        
    
        
    
        
    
        
    
        
    
        
    
        
    


    
    

    
        
        
        
    
        
        
        
    
        
        
        
    
        
        
            
        
        
    
        
            
        
        
        
    
        
        
        
            
        
    
        
        
        
    
        
        
        
    
        
        
        
    
        
        
        
    



    <div class="option-table-v2">
        
        <div id="toggle-header">
            
                
                    
                
                    
                
                    
                
                    
                
                    
                        


    <div class="toggle-header">
        <div class="toggle-header__title">더 많은 옵션 보기</div>
        
    </div>

                    
                
                    
                
                    
                
                    
                
                    
                
                    
                
            
        </div>
        <div id="tab-selector">
            
                
                    
                
                    
                
                    
                
                    
                        


                    
                
                    
                
                    
                
                    
                
                    
                
                    
                
                    
                
            
        </div>
        <div id="option-table-list-view">
            
                
                    
                
                    
                
                    
                
                    
                
                    
                
                    
                        

    <div class="option-table-list">
        <div class="option-table-list__options option-table-list__options--SHORT_ATTR">
            
                <div
                    class="option-table-list__option
                        option-table-list__option--selected
                        "
                    data-item-id="22335878956"
                    data-vendor-item-id="89463005056"
                    data-hover-selection-text="41g × 4개"
                    data-hover-image-url="//thumbnail9.coupangcdn.com/thumbnails/remote/492x492ex/image/retail/images/2024/04/10/15/1/1e559580-921f-4b51-b9e7-225479eaccf5.jpg"
                    data-inspect-interaction="click"
                    data-inspect-failedevent="option_table_item_non_interactive"
                >
                    <div class="option-table-list__option-radio"></div>
                    
                        <div class="option-table-list__option-name">
                            4개
                        </div>
                    
                    
                    <div class="option-table-list__option-info">
                        
                        <div class="option-table-list__option-price">
                            4,350원
                            
                            
                                <img class="option-table-list__option-delivery-badge" src="https://image7.coupangcdn.com/image/coupang/rds/logo/hdpi/logo_rocket_small.png" height="16px">
                            
                        </div>

                        
                            
                                <div class="option-table-list__option-unit-price">
                                    10g당 265원
                                    
                                </div>
                            
                        
                        
                        
                    </div>
                </div>
            
                <div
                    class="option-table-list__option
                        
                        "
                    data-item-id="22418305583"
                    data-vendor-item-id="89463066143"
                    data-hover-selection-text="41g × 12개"
                    data-hover-image-url="//thumbnail8.coupangcdn.com/thumbnails/remote/492x492ex/image/retail/images/d28128a4-5692-47ec-8370-35e839e26cd65095836669349866896.png"
                    data-inspect-interaction="click"
                    data-inspect-failedevent="option_table_item_non_interactive"
                >
                    <div class="option-table-list__option-radio"></div>
                    
                        <div class="option-table-list__option-name">
                            12개
                        </div>
                    
                    
                    <div class="option-table-list__option-info">
                        
                        <div class="option-table-list__option-price">
                            13,050원
                            
                            
                                <img class="option-table-list__option-delivery-badge" src="https://image7.coupangcdn.com/image/coupang/rds/logo/hdpi/logo_rocket_small.png" height="16px">
                            
                        </div>

                        
                            
                                <div class="option-table-list__option-unit-price">
                                    10g당 265원
                                    
                                </div>
                            
                        
                        
                        
                    </div>
                </div>
            
                <div
                    class="option-table-list__option
                        
                        "
                    data-item-id="22418305669"
                    data-vendor-item-id="89463066217"
                    data-hover-selection-text="41g × 16개"
                    data-hover-image-url="//thumbnail7.coupangcdn.com/thumbnails/remote/492x492ex/image/retail/images/fd170c51-0699-4873-856e-e5bc73ab7f871099285492963579520.png"
                    data-inspect-interaction="click"
                    data-inspect-failedevent="option_table_item_non_interactive"
                >
                    <div class="option-table-list__option-radio"></div>
                    
                        <div class="option-table-list__option-name">
                            16개
                        </div>
                    
                    
                    <div class="option-table-list__option-info">
                        
                        <div class="option-table-list__option-price">
                            16,960원
                            
                            
                                <img class="option-table-list__option-delivery-badge" src="https://image7.coupangcdn.com/image/coupang/rds/logo/hdpi/logo_rocket_small.png" height="16px">
                            
                        </div>

                        
                            
                                <div class="option-table-list__option-unit-price">
                                    10g당 259원
                                    
                                        <span class="option-table-list__option-unit-price-label">(최저 단위가)</span>
                                    
                                </div>
                            
                        
                        
                        
                    </div>
                </div>
            
                <div
                    class="option-table-list__option
                        
                        "
                    data-item-id="22418305736"
                    data-vendor-item-id="89463066340"
                    data-hover-selection-text="41g × 24개"
                    data-hover-image-url="//thumbnail10.coupangcdn.com/thumbnails/remote/492x492ex/image/retail/images/99e7a4cd-42b9-4ab7-a2fe-66df300004e0575616690336396732.png"
                    data-inspect-interaction="click"
                    data-inspect-failedevent="option_table_item_non_interactive"
                >
                    <div class="option-table-list__option-radio"></div>
                    
                        <div class="option-table-list__option-name">
                            24개
                        </div>
                    
                    
                    <div class="option-table-list__option-info">
                        
                        <div class="option-table-list__option-price">
                            25,440원
                            
                            
                                <img class="option-table-list__option-delivery-badge" src="https://image7.coupangcdn.com/image/coupang/rds/logo/hdpi/logo_rocket_small.png" height="16px">
                            
                        </div>

                        
                            
                                <div class="option-table-list__option-unit-price">
                                    10g당 259원
                                    
                                </div>
                            
                        
                        
                        
                    </div>
                </div>
            
        </div>
        
            <div class="option-table-list__see-all-btn">
                <span>모든 옵션 보기</span>
                <img class="option-table-list__see-all-btn-icon" src="//img1a.coupangcdn.com/image/sdp/option-table/icon_tabs_btn-right.png">
            </div>
        
    </div>


                    
                
                    
                
                    
                
                    
                
                    
                
            
        </div>
    </div>


    
    
        <div class="shipping-fee-and-pdd-prod">






  <!--display logic summary-->
  
  
  
    
      
      
    
  

  
    
  
  
  <div class="prod-shipping-fee-and-pdd-wrapper apply-unknown-customer-handling
    
    
  ">
    <div class="prod-delivery-notice-container">
      
    </div>
    <div class="prod-delivery-company-and-seller-store-above-pdd-placeholder">
       <div class="prod-gold-fish-delivery-company-above-pdd-placeholder">
         
       </div>
       <div class="prod-gold-fish-vendor-above-pdd-placeholder">
          <div class='prod-vendor'>
          
          </div>
       </div>
    </div>

    <div class="shipping-fee-and-pdd-53259">
      
      
    </div>


    <div class="prod-shipping-fee-container
      
      " style="display: none;">
      
      
        <div class="prod-shipping-fee 
          
          ">
          
          
            <div class="SHIPPING_FEE_DISPLAY_0">
              <div class="prod-shipping-fee-message">
                <span><em class="prod-txt-bold">로켓배송 상품 19,800원 이상 무료배송</em></span>
                
              </div>
              <div class="prod-shipping-consolidation">
                
              </div>
            </div>
          
            <div class="SHIPPING_FEE_DISPLAY_1">
              <div class="prod-shipping-fee-message">
                <span><em class="prod-txt-bold">무료배송 &#43; 무료반품</em><em class="separator">|</em><em class="icon-tx">로켓와우 신청시</em><em><i class="rocket-falcon-icon question-mark-rocket-plus"></i></em></span>
                
              </div>
              <div class="prod-shipping-consolidation">
                
              </div>
            </div>
          
          
          <div class="prod-pre-order-release-container" style="display: none;">
            <span class="prod-pre-order-release-msg"></span>
          </div>
        </div>
      </div>

    


    

    <div class="prod-pdd-container">
      

      
      <div class="prod-pdd-display-area
        
        
      " >
        
          
            <div class="prod-pdd single-pdd-area  PDD_DISPLAY_0  ">
              <em class='prod-txt-onyx prod-txt-green-2'>내일(일) 11/10</em><em class='prod-txt-onyx  prod-txt-green-normal'> 도착 보장</em><em class='prod-txt-onyx'> (</em><em class='prod-txt-onyx'>23시간 10분</em><em class='prod-txt-onyx'>  내 주문 시</em><em class='prod-txt-onyx'> / 서울⋅경기 기준</em><em class='prod-txt-onyx'>)</em>
              
              

              

              <div class="prod-gold-fish-delivery-company-under-pdd-placeholder">
                  
                    
                  
              </div>
            </div>
          
            <div class="prod-pdd single-pdd-area  PDD_DISPLAY_1  ">
              <em class='prod-txt-onyx prod-txt-green-2'>내일(일) 11/10</em><em class='prod-txt-onyx  prod-txt-green-normal'> 도착 보장</em><em class='prod-txt-onyx'> (</em><em class='prod-txt-onyx'>23시간 10분</em><em class='prod-txt-onyx'>  내 주문 시</em><em class='prod-txt-onyx'> / 서울⋅경기 기준</em><em class='prod-txt-onyx'>)</em>
              
              

              

              <div class="prod-gold-fish-delivery-company-under-pdd-placeholder">
                  
                    
                  
              </div>
            </div>
          
        
      </div>

      <div class="prod-gold-fish-vendor-under-pdd-placeholder">
        <div class='prod-vendor'>
        
        </div>
      </div>

      <div class="prod-pdd-list" style="display: none;">
        
      </div>
    </div>

    <div class="shipping-fee-list" >
      
        
          <div class="radio-list-item SHIPPING_FEE_NUDGE_DISPLAY_0 selected">
            <span class="radio-button"></span>
            <span class="shipping-fee-list-item inline-flex-v-center"><em class="prod-txt-bold">로켓배송 상품 19,800원 이상 무료배송</em></span>

            
            <div class="prod-pre-order-release-container" style="display: none;">
              <span class="prod-pre-order-release-msg"></span>
            </div>
          </div>
        
          <div class="radio-list-item SHIPPING_FEE_NUDGE_DISPLAY_1 ">
            <span class="radio-button"></span>
            <span class="shipping-fee-list-item inline-flex-v-center"><em class="prod-txt-bold">무료배송 &#43; 무료반품</em><em class="separator">|</em><em class="icon-tx">로켓와우 신청시</em><em><i class="rocket-falcon-icon question-mark-rocket-plus"></i></em></span>

            
            <div class="prod-pre-order-release-container" style="display: none;">
              <span class="prod-pre-order-release-msg"></span>
            </div>
          </div>
        
      
    </div>

    <div class="loyalty-reminder-default-address" style="display:none;">
      
        <img class="delivery-type-badge" src="" alt=""><em class="prod-gray-txt">가능 배송지로 변경 시 구매 가능</em>
      
    </div>
  </div>
  

<ul class="loyalty-reminder-hard-code-message">
  
  <li>현재 고객님 주소지는 서비스 대상이 아닙니다.</li>
  <li>곧 고객님께 찾아뵙도록 노력하겠습니다.</li>
</ul>
<div class="rocket-install-preorder-message" style="display: none;">
  <svg width="16" height="16" viewBox="0 0 16 16" fill="none" xmlns="http://www.w3.org/2000/svg">
    <path fill-rule="evenodd" clip-rule="evenodd" d="M8 0C3.58173 0 0 3.58172 0 8C0 12.4183 3.58173 16 8 16C12.4183 16 16 12.4183 16 8C16 3.58171 12.4183 0 8 0ZM8.00001 3.33333C7.35567 3.33333 6.83334 3.85567 6.83334 4.5C6.83334 5.14433 7.35567 5.66667 8.00001 5.66667C8.64434 5.66667 9.16667 5.14433 9.16667 4.5C9.16667 3.85567 8.64434 3.33333 8.00001 3.33333ZM9.0121 7.57036C8.96364 7.06326 8.53647 6.66667 8.01667 6.66667C7.46439 6.66667 7.01667 7.11438 7.01667 7.66667V11.6667L7.02125 11.763C7.06971 12.2701 7.49688 12.6667 8.01667 12.6667C8.56896 12.6667 9.01667 12.219 9.01667 11.6667V7.66667L9.0121 7.57036Z" fill="#454F5B"/>
  </svg>
  <span>사전예약 상품의 설치일은 사전 협의 후 변경될 수 있습니다.</span>
</div>


</div>
        
    
    
    
        

    
    


<div class="prod-vendor-container without-coach" style="display:none">
    

    
    
    

	<div class="prod-vendor with">
		
		<div class="prod-vendor-info">
			

            
            

            
                
                    
                
            
		</div>
    </div>
</div>

    
    
    
<div class="prod-other-seller" style="display:none;">
    <a href="javascript:void(0)" class="prod-other-seller-btn">다른 판매자 보기(<span class="prod-other-seller-count">9</span>)</a>
</div>

    <!--option-->


    
        
    
    
        
            
                

                
                    
                
            
        
        <div class="prod-option   ">
            
    <div class="logistics-operation-info option-table__popup__header_info_wrapper border-eee ptb-16"></div>
    
        
        
        
        
        
        <div class="prod-option_box ">
    
    <div class="prod-option__item " data-attribute-type-id="7637,7652"> 
        <div>
            <div class="prod-option__selected-container">
                <button class="prod-option__selected multiple">
                    <table>
                        <colgroup><col width="98%"><col width="1%"><col width="1%"></colgroup>
                        <tbody>
                        <tr>
                            <td>
                                <span class="title">개당 중량 × 수량</span>
                                <span class="value">41g × 4개</span>
                            </td>
                            <td>
                            </td>
                            <td>
                                <i class="dropdown-icon"></i>
                            </td>
                        </tr>
                        </tbody>
                    </table>
                </button>
            </div>
        </div>
    </div>
    
    </div>
    


        </div>
    



    <div id="bundleOptionContainer">
    
    <div class="bundle-option-list" data-view-type="">
        
    </div>
    
</div>


    <div id="insuranceContainer"
        class=" ">
        <!--	placeholder    -->
        



    </div>

    
    


    
        
            
        
            
        
            
        
            
        
            
        
            
        
            
        
            
        
            
        
            
        
    


<div class="prod-ccid-detail-container" style="">


    
    
    
    



</div>


    
    
        
<div class="sdp-cashback-summary-container">
    <div class="sdp-cashback-summary">
        <div class="sdp-cashback-summary__content">
            <div class="sdp-cashback-summary__title">
                적립
            </div>
            <div class="sdp-cashback-summary__info">
                <span class="sdp-cashback-summary__amount">최대 218원</span>
                <span class="sdp-cashback-summary__btn-popup">쿠팡캐시 적립</span>

                
                    <span class="sdp-cashback-summary__condition">· 쿠페이 머니 결제시</span>
                
            </div>

            
                
                    <span class="sdp-cashback-summary__btn-wow">혜택보기</span>
                
            
        </div>

        
    </div>

    
    <div id="cashbackPopup" class="sdp-cashback-summary-popup prod-modal-popup is-cashback-more-info" style="display:none">
        <div class="prod-modal-popup__header">
            <strong class="prod-modal-popup__header-title">캐시적립 혜택</strong>
            <span class="prod-modal-popup__header-close">닫기</span>
        </div>
        <div class="sdp-cashback-summary-popup__contents prod-modal-popup__contents"></div>
    </div>
</div>

    


    
        
        
            
                
                    
                
                
                    
                        


                    
                
            
        
        <div id="payment-methods-box">
            

                
                    <div class="payment-methods-box">
                        <strong>PC에서도 간편한 결제</strong>
                        
                            <p>
                                <img src="https://image7.coupangcdn.com/image/coupang/common/payment/coupaymoney_color@4x.png" alt="">
                                <span>쿠페이머니</span>
                            </p>
                        
                            <p>
                                <img src="https://image10.coupangcdn.com/image/coupang/common/payment/card_color@4x.png" alt="">
                                <span>카드</span>
                            </p>
                        
                            <p>
                                <img src="https://image8.coupangcdn.com/image/coupang/common/payment/bankbook_color@4x.png" alt="">
                                <span>계좌이체</span>
                            </p>
                        
                    </div>
                
                
            
        </div>
        <!--quantity and order-->
        <div class="prod-buy-quantity-and-footer

    

     ">
    <div class="prod-buy-quantity">
         
            



<div class="prod-buy__quantity">
    <div class="prod-quantity__form">
        <input type="text" value="1"
               class="prod-quantity__input"  maxlength="6" autocomplete="off">
        <div style="display:table-cell;vertical-align:top;">
            <button class="prod-quantity__plus" type="button" >수량빼기</button>
            <button class="prod-quantity__minus" type="button" disabled="disabled">수량더하기</button>
        </div>
    </div>
</div>

        
    </div>
    
        <div class="prod-buy-footer ">
    <div class="prod-order-data" style="display:none;"
            data-carturl="//cart.coupang.com/cartView.pang"
            data-orderurl="/createCheckout.pang"
            data-categorylinkcode=""
    ></div>
    <div class="prod-onetime-order " style="">
        <div class="button-box" >
            <button class="prod-cart-btn" 
                    data-gaclick='{"hitType":"event", "eventCategory":"addCartButton", "eventAction":"click", "eventLabel":"optionBarButton", "eventValue":0}'>
                장바구니 담기
            </button>
            <button class="prod-buy-btn" 
                        data-gaclick='{"hitType":"event", "eventCategory":"orderButton", "eventAction":"click", "eventLabel":"buy_optionBarButton", "eventValue":0}'>
                    <span class="prod-buy-btn__txt">
                        바로구매
                    </span>
            </button>
        </div>
    </div>

    <div class="prod-restock-notification">
        <div class="button-box">
            <button class="prod-restock-notification-btn" >
                재입고 알림신청
            </button>
            <div class="prod-restock-notification-clicked-btn" style="display: none">
                <span>재입고 알림신청 완료</span>
            </div>
            <div class="prod-restock-notification-hover-notifier">
                <div class="prod-restock-notification-hover-notifier-info">
                    <span class="prod-restock-notification-hover-notifier-content">재입고 시 회원님의 이메일로 알림이 발송됩니다.</span>
                    <span class="prod-restock-notification-hover-notifier-content"></span>
                </div>
            </div>
        </div>
    </div>
    <div class="prod-buy-quantity-and-footer__oos-or-unavailable" style="display: none;">
        품절
    </div>

    <div class="prod-subscribe-order">
        <div class="button-box">
            <button class="prod-subscription-buy prod-subscription-cart-btn">
                <span class="prod-buy-btn__txt">정기배송 장바구니 담기</span>
            </button>
        </div>
    </div>

    <div class="prod-loyalty-register-order" style="display: none;">
        <div class="button-box">
            
                <button class="prod-loyalty-register-btn"
                        data-loyalty-landing-url=""
                        
                            
                        
                        id="loyaltyRegisterOrderButton">
                    <!-- text is different for different loyalty nudge -->
                        
                            
                                
                                    
                                    
                                
                            
                        
                        
                            
                                
                                    <span class="prod-buy-btn__txt">로켓와우로 무료배송</span>
                                
                            
                        
                </button>
            
        </div>
    </div>

    <div class="prod-loyalty-register-subscribe-order" style="display: none;">
        <div class="button-box">
            
                <button class="prod-loyalty-register-btn"
                        data-loyalty-landing-url=""
                        id="loyaltyRegisterSubscribeOrderButton">
                        <span class="prod-buy-btn__txt"></span>
                </button>
            
        </div>
    </div>

    <div class="prod-pre-order" style="display: none">
        <div class="button-box">
            <button class="prod-pre-order-btn">
                <span class="prod-buy-btn__txt">
                    
                        
                            바로 예약구매
                        
                    
                    </span>
            </button>
        </div>
    </div>
</div>

    
    <div class="prod-buy-quantity-and-footer__mask" ></div>
</div>

    
    
    <!--buy box winner-->
    
    <!--description-->
    <div class="prod-description">
    <ul class="prod-description-attribute">
       
        <li class="prod-attr-item" style="display: list-item;">소비기한(또는 유통기한): 2025-02-07 이거나 그 이후인 상품</li>
       
        <li class="prod-attr-item" style="display: list-item;">총 수량: 4개</li>
       
        <li class="prod-attr-item" style="display: list-item;">포장 타입: 봉지</li>
       
        <li class="prod-attr-item" style="display: list-item;">과자 맛: 짭짤한맛</li>
       
        <li class="prod-attr-item" style="display: list-item;">설탕 함량: 설탕첨가</li>
       
        <li class="prod-attr-item" style="display: list-item;">쿠팡상품번호: 8009070810 - 22335878956</li>
       
    </ul>
</div>

    
    <div class="prod-freebies" style="display:none"></div>
    <!--coupick - coupang choice-->
    <div class="prod-coupick"></div>
    <!--vfp-->
    <div class="prod-vfp-banner impression-log impression-log-reload" style="display: none;"
     data-impression-event-name="vfpbanner"></div>

    
    

    
    <div id="handymanContainer"></div>
    <div id="prod-offer-banner" class="prod-offer-banner">
    
</div>


    
</div>

                <div id="welcomeBackNudge" />
            </div>
        </div>
        <div id="btf" style="width: 980px; margin: 0 auto 40px auto; padding-top: 10px;">
            













<div id="categoryBest" class="invalid-category-best" style="display:none"></div>
<div class="border-overlap"></div>

<div id="sdpAds" class="sdp-ads impression-log" data-impression-event-name="sdp-ads" style="display: none;"></div>

<div id="promotionCarousel" style="margin-top: 40px" data-omp-sdp-widget-more-items=""></div>

<div id="jikguPromotionCarousel" data-jikgu-sdp-widget-promotion="A" style="margin-top: 40px"></div>

<div id="sdp-mid-banner-btf-tab" style="display: none;"></div>

<div id="btfTab" class="tab" data-reordering-sdp-widgets="true" data-apply-mid-carousel-dco-converting="A">
    <ul class="tab-titles">
        <li name="detail" class="active">상품상세</li>
        <li name="review">상품평 <span class="product-tab-review-count"></span></li>
        <li name="qna">상품문의</li>
        <li name="etc">배송/교환/반품 안내</li>
    </ul>
    <ul class="tab-contents">
        <li class="product-detail tab-contents__content"></li>
        
            <div id="midCarousel2"></div>
        
        <li class="product-review tab-contents__content"></li>
        
            <div id="midCarousel3">
                
            </div>
        
        <li class="product-qna tab-contents__content"></li>
        <li class="product-etc tab-contents__content">
            
        </li>
    </ul>
</div>


    
    <div id="peopleAlsoBought" style="display:none"></div>
    
    
    <div id="prod-clt-or-fbt-recommend" class="prod-ctl-or-fbt-recommend impression-log" data-fodium-widget="desktop/widgets/sdp/CTLorFBTProducts"
        data-impression-event-name="fbtctl"
        data-fodium-widget-params='{
                "productId": "8009070810",
                "itemId": "22335878956",
                "vendorItemId": "89463005056",
                "widgetId": "WIDGET_PC_SDP_002"}' style="display:none;">
    </div>
    <div id="scItemList" class="sc-item-list-placeholder impression-log"
        data-impression-event-name="scitem"
        style="display: none;">
    </div>
    <div id="brandOtherProducts" class="brand-other-products impression-log impression-log-reload"
        data-impression-event-name="brandshop"
        
        style="display:none">
    </div>


<div id="sdpBottomAds" class="sdp-ads impression-log" data-impression-event-name="sdp-bottom-ads" style="display: none;">
    
</div>

<div id="sdp-bottom-banner" style="display: none;"></div>


<script src="//asset2.coupangcdn.com/customjs/affiliate/interest-group/join-ad-interest-group-0.0.4.min.js" async crossorigin=""></script>


        </div>

        <div id="product-contents-placeholder" class="product-contents-placeholder" style="display:none;"

             data-login="false"

             data-trcid=""
             data-traid=""

             data-search-id=""
             data-login-url="https://login.coupang.com/login/login.pang?rtnUrl=https%3A%2F%2Fwww.coupang.com%2Fnp%2Fpost%2Flogin%3Fr%3D"
             data-cart-url="//cart.coupang.com/cartView.pang"
             data-order-url="/createCheckout.pang"
             data-category-link-code=""
             data-cdn-prefix="//image6.coupangcdn.com/image/"
             data-email-address=""
             data-other-seller-apply-interstellar="true"
             data-apply-brand-shop-widget="true"
             data-item-product-id="0"
             data-apply-loyalty-rocket-fresh-mvp="false"
             data-pure-server-time="236"
             data-apply-ad-banners="true"
             data-apply3p-warning-banner="true"
             data-fraud3p-report-num-show="B"
             data-show-strike-company-notice="false"
             data-change-position-sdp-mid-carousel-ad-marker="A"
             data-apply-mid-carousel-dco-converting="A"
             data-show-bsr="false"

             
             data-is-fresh-return-policy-change="true"
             data-apply-option-disclaimer="false"

             
             data-is-on-hold-wow-member="false"
             data-apply-rocket-install-to-pre-order="true"
             data-enable-mini-cart="false"
             data-change-share-image-url="true"
             data-update-customer-cancellation-return-restrictions-wording="true"
        >
        </div>

        <!-- 포돌이 -->
    

        <div class="prod-shadow"></div>
        <div class="prod-seller-store-rating-popup"></div>

        <img src="//img1a.coupangcdn.com/image/redwood/spinner.gif" class="pord-loadingbar" alt="로딩중입니다." />
        <a href="#" class="pord-reload">재시도</a>
        <div class="prod-rocket-pay-link-wrapper">
            <div class="prod-rocket-pay-link-popup">
            </div>
        </div>
    

            
        </section>

        
        <!--notice ahead of login header-->


    <!-- Document에 의해서 관리되지만 혹시 데이터를 못가지고 왔을때 대비 -->
    <!-- coupang footer -->
    <footer id="footer" class="footer_new">

      <!--notice ahead of login header-->

		
        
    </footer>




    <script
        id="seo-js-sdk"
        type="text/javascript"
        data-seo-rule="{&quot;enabled&quot;:true,&quot;cookieEnabled&quot;:false,&quot;platform&quot;:&quot;web&quot;,&quot;sdkVersion&quot;:&quot;0.0.2&quot;}"
        src="https://assets.coupangcdn.com/customjs/seo-js-sdk/0.0.2/seo-js-sdk.umd.min.js";
    >
    </script>



    </div>
    
    
    

    <script src="//asset2.coupangcdn.com/customjs/jserror/4.0.7-beta-15/jslog-iife.pe.min.js" type="text/javascript"
            crossorigin="anonymous"></script>
    <script src="//asset2.coupangcdn.com/customjs/jserror/4.0.7-beta-15/jslog-iife.filters.pe.coupang_web.min.js" type="text/javascript"
                    crossorigin="anonymous"></script>




    
	<script type="text/javascript">
    if (window.JsLog) {
		window.sdpJsLog = new JsLog('sdp_pc', 'production', {
			memberSrl: '0',
			pcid: '27113475179228054287497',
			pageName: 'sdp',
			domain: 'coupang_web',
            instanceId: 'coupang-web-prod-ft-green-cc8b8669f-djqcg',
		},true)
        if (window.JsLogFilters) {
            window.JsLogFilters.enableFilterRuleSet(sdpJsLog, ['common', 'coupang_web'])
        }
        if (typeof sdpJsLog.setExtraContext === "function") {
            sdpJsLog.setExtraContext({
                requested_with: "Browser"
            })
        }
        window.sdpJsLog.enableTrap();
    }
	</script>



<script>

    window.logRequireTime = function () {
    };

    try {
        if (window.performance && window.performance.now) {
            window.redwoodTimeLog = {
                requirejs: {
                    start: window.performance.now()
                }
            };
            window.logRequireTime = function () {
                window.redwoodTimeLog.requirejs.end = window.performance.now();
                window.redwoodTimeLog.requirejs.time = window.redwoodTimeLog.requirejs.end - window.redwoodTimeLog.requirejs.start;
            }
        }
    } catch (e) {
    }


</script>
<script src="//asset2.coupangcdn.com/customjs/ctools-ff/0.0.3/global-ff.min.js" type="text/javascript"></script>
<script src="/resources/20241108145011/np/js/lib/requirejs/require-2.1.14.min.js"
        type="text/javascript" onload="logRequireTime()"></script>
<script src="//asset2.coupangcdn.com/customjs/polyfill/1.0.1/polyfill.bundle.js" type="text/javascript"></script>
<script type="text/javascript">
    
      try {
        window.__coupang_ui__ = window.__coupang_ui__ || {};
        window.__coupang_ui__.webProductGlobalFFData = JSON.parse("{\"blackList\":\"\"}" || '{}');
      } catch (e) {

      }
    

    
        define('templates/contents/side/include/recentlyViewedProduct.hbs', ['handlebars'], function(Handlebars) {
  var template = Handlebars.template(function (Handlebars,depth0,helpers,partials,data) {
  this.compilerInfo = [4,'>= 1.0.0'];
helpers = this.merge(helpers, Handlebars.helpers); data = data || {};
  var buffer = "", stack1, helper, options, functionType="function", escapeExpression=this.escapeExpression, helperMissing=helpers.helperMissing, self=this;

function program1(depth0,data) {
  
  var buffer = "", stack1, helper, options;
  buffer += "\n		<div class=\"recently-viewed-prod-navi\">\n            <span class=\"counter\" data-pagenumber=\"";
  if (helper = helpers.pageNumber) { stack1 = helper.call(depth0, {hash:{},data:data}); }
  else { helper = (depth0 && depth0.pageNumber); stack1 = typeof helper === functionType ? helper.call(depth0, {hash:{},data:data}) : helper; }
  buffer += escapeExpression(stack1)
    + "\" data-totalpagenumber=\"";
  if (helper = helpers.totalPageCount) { stack1 = helper.call(depth0, {hash:{},data:data}); }
  else { helper = (depth0 && depth0.totalPageCount); stack1 = typeof helper === functionType ? helper.call(depth0, {hash:{},data:data}) : helper; }
  buffer += escapeExpression(stack1)
    + "\">\n                <strong class=\"page-num\">";
  if (helper = helpers.pageNumber) { stack1 = helper.call(depth0, {hash:{},data:data}); }
  else { helper = (depth0 && depth0.pageNumber); stack1 = typeof helper === functionType ? helper.call(depth0, {hash:{},data:data}) : helper; }
  buffer += escapeExpression(stack1)
    + "</strong>\n                <span>/";
  if (helper = helpers.totalPageCount) { stack1 = helper.call(depth0, {hash:{},data:data}); }
  else { helper = (depth0 && depth0.totalPageCount); stack1 = typeof helper === functionType ? helper.call(depth0, {hash:{},data:data}) : helper; }
  buffer += escapeExpression(stack1)
    + "</span>\n            </span>\n            <span class=\"paging-btn\">\n                <a href=\"javascript:;\" class=\"btn prev\" title=\""
    + escapeExpression((helper = helpers.formatMessage || (depth0 && depth0.formatMessage),options={hash:{
    'default': ("이전 페이지 보기")
  },data:data},helper ? helper.call(depth0, "coupang.web.c57618", options) : helperMissing.call(depth0, "formatMessage", "coupang.web.c57618", options)))
    + "\">prev</a>\n                <a href=\"javascript:;\" class=\"btn next\" title=\""
    + escapeExpression((helper = helpers.formatMessage || (depth0 && depth0.formatMessage),options={hash:{
    'default': ("다음 페이지 보기")
  },data:data},helper ? helper.call(depth0, "coupang.web.02dbac", options) : helperMissing.call(depth0, "formatMessage", "coupang.web.02dbac", options)))
    + "\">next</a>\n            </span>\n		</div>\n    ";
  return buffer;
  }

function program3(depth0,data) {
  
  
  return "\n    ";
  }

  buffer += "<h2>\n    <strong>"
    + escapeExpression((helper = helpers.formatMessage || (depth0 && depth0.formatMessage),options={hash:{
    'default': ("최근본상품")
  },data:data},helper ? helper.call(depth0, "coupang.web.e048e4", options) : helperMissing.call(depth0, "formatMessage", "coupang.web.e048e4", options)))
    + "</strong>\n    ";
  stack1 = helpers['if'].call(depth0, (depth0 && depth0.recentlyViewedProducts), {hash:{},inverse:self.program(3, program3, data),fn:self.program(1, program1, data),data:data});
  if(stack1 || stack1 === 0) { buffer += stack1; }
  buffer += "\n</h2>\n";
  return buffer;
  });
  var templates = Handlebars.templates = Handlebars.templates || {};
  templates['templates/contents/side/include/recentlyViewedProduct.hbs'] = template;
  var partials = Handlebars.partials = Handlebars.partials || {};
  partials['templates/contents/side/include/recentlyViewedProduct.hbs'] = template;
  return template;
});
define('templates/contents/side/include/recentlyViewedProductList.hbs', ['handlebars'], function(Handlebars) {
  var template = Handlebars.template(function (Handlebars,depth0,helpers,partials,data) {
  this.compilerInfo = [4,'>= 1.0.0'];
helpers = this.merge(helpers, Handlebars.helpers); data = data || {};
  var buffer = "", stack1, functionType="function", escapeExpression=this.escapeExpression, self=this, helperMissing=helpers.helperMissing;

function program1(depth0,data) {
  
  var buffer = "", stack1;
  buffer += "\n    ";
  stack1 = helpers.each.call(depth0, (depth0 && depth0.recentlyViewedProducts), {hash:{},inverse:self.noop,fn:self.programWithDepth(2, program2, data, depth0),data:data});
  if(stack1 || stack1 === 0) { buffer += stack1; }
  buffer += "\n";
  return buffer;
  }
function program2(depth0,data,depth1) {
  
  var buffer = "", stack1, helper, options;
  buffer += "\n        <li class=\"viewed-product\">\n            <a href=\""
    + escapeExpression(((stack1 = (depth1 && depth1.coupangWebDomain)),typeof stack1 === functionType ? stack1.apply(depth0) : stack1));
  if (helper = helpers.link) { stack1 = helper.call(depth0, {hash:{},data:data}); }
  else { helper = (depth0 && depth0.link); stack1 = typeof helper === functionType ? helper.call(depth0, {hash:{},data:data}) : helper; }
  buffer += escapeExpression(stack1)
    + "\" title=\"";
  stack1 = helpers['with'].call(depth0, (depth0 && depth0.imageAndTitleArea), {hash:{},inverse:self.noop,fn:self.program(3, program3, data),data:data});
  if(stack1 || stack1 === 0) { buffer += stack1; }
  buffer += "\">\n                <span class=\"img-container\">\n                    <img src=\"";
  stack1 = helpers['with'].call(depth0, (depth0 && depth0.imageAndTitleArea), {hash:{},inverse:self.noop,fn:self.program(5, program5, data),data:data});
  if(stack1 || stack1 === 0) { buffer += stack1; }
  buffer += "\"  alt=\"";
  stack1 = helpers['with'].call(depth0, (depth0 && depth0.imageAndTitleArea), {hash:{},inverse:self.noop,fn:self.program(3, program3, data),data:data});
  if(stack1 || stack1 === 0) { buffer += stack1; }
  buffer += "\" />\n                </span>\n                <span class=\"product-title\">";
  stack1 = helpers['with'].call(depth0, (depth0 && depth0.imageAndTitleArea), {hash:{},inverse:self.noop,fn:self.program(3, program3, data),data:data});
  if(stack1 || stack1 === 0) { buffer += stack1; }
  buffer += "</span>\n                <span class=\"border\">border</span>\n            </a>\n            <a href=\"javascript:;\" class=\"delete\" title=\""
    + escapeExpression((helper = helpers.formatMessage || (depth0 && depth0.formatMessage),options={hash:{
    'default': ("삭제")
  },data:data},helper ? helper.call(depth0, "coupang.web.6139b6", options) : helperMissing.call(depth0, "formatMessage", "coupang.web.6139b6", options)))
    + "\" data-productid=\"";
  if (helper = helpers.legacyProductId) { stack1 = helper.call(depth0, {hash:{},data:data}); }
  else { helper = (depth0 && depth0.legacyProductId); stack1 = typeof helper === functionType ? helper.call(depth0, {hash:{},data:data}) : helper; }
  buffer += escapeExpression(stack1)
    + "\">"
    + escapeExpression((helper = helpers.formatMessage || (depth0 && depth0.formatMessage),options={hash:{
    'default': ("삭제")
  },data:data},helper ? helper.call(depth0, "coupang.web.6139b6", options) : helperMissing.call(depth0, "formatMessage", "coupang.web.6139b6", options)))
    + "</a>\n        </li>\n    ";
  return buffer;
  }
function program3(depth0,data) {
  
  var stack1;
  return escapeExpression(((stack1 = (depth0 && depth0.title)),typeof stack1 === functionType ? stack1.apply(depth0) : stack1));
  }

function program5(depth0,data) {
  
  var stack1;
  return escapeExpression(((stack1 = (depth0 && depth0.defaultUrl)),typeof stack1 === functionType ? stack1.apply(depth0) : stack1));
  }

function program7(depth0,data) {
  
  var buffer = "", helper, options;
  buffer += "\n    <table class=\"no-products\">\n        <tbody>\n            <tr>\n                <td>\n                    "
    + escapeExpression((helper = helpers.formatMessage || (depth0 && depth0.formatMessage),options={hash:{
    'default': ("최근 본 상품이")
  },data:data},helper ? helper.call(depth0, "coupang.web.42ccb9", options) : helperMissing.call(depth0, "formatMessage", "coupang.web.42ccb9", options)))
    + "<br/>"
    + escapeExpression((helper = helpers.formatMessage || (depth0 && depth0.formatMessage),options={hash:{
    'default': ("없습니다.")
  },data:data},helper ? helper.call(depth0, "coupang.web.7779d6", options) : helperMissing.call(depth0, "formatMessage", "coupang.web.7779d6", options)))
    + "\n                </td>\n            </tr>\n        </tbody>\n    </table>\n";
  return buffer;
  }

  stack1 = helpers['if'].call(depth0, (depth0 && depth0.recentlyViewedProducts), {hash:{},inverse:self.program(7, program7, data),fn:self.program(1, program1, data),data:data});
  if(stack1 || stack1 === 0) { buffer += stack1; }
  buffer += "\n";
  return buffer;
  });
  var templates = Handlebars.templates = Handlebars.templates || {};
  templates['templates/contents/side/include/recentlyViewedProductList.hbs'] = template;
  var partials = Handlebars.partials = Handlebars.partials || {};
  partials['templates/contents/side/include/recentlyViewedProductList.hbs'] = template;
  return template;
});

define('templates/contents/side/include/recentlyViewedProductMain.hbs', ['handlebars'], function(Handlebars) {
  var template = Handlebars.template(function (Handlebars,depth0,helpers,partials,data) {
  this.compilerInfo = [4,'>= 1.0.0'];
helpers = this.merge(helpers, Handlebars.helpers); data = data || {};
  var buffer = "", stack1, helper, options, functionType="function", escapeExpression=this.escapeExpression, helperMissing=helpers.helperMissing, self=this;

function program1(depth0,data) {
  
  var buffer = "", stack1, helper;
  buffer += "\n        <em>";
  if (helper = helpers.totalCount) { stack1 = helper.call(depth0, {hash:{},data:data}); }
  else { helper = (depth0 && depth0.totalCount); stack1 = typeof helper === functionType ? helper.call(depth0, {hash:{},data:data}) : helper; }
  buffer += escapeExpression(stack1)
    + "</em>\n        ";
  return buffer;
  }

function program3(depth0,data) {
  
  
  return "\n        <em>0</em>\n    ";
  }

function program5(depth0,data) {
  
  var buffer = "", helper, options;
  buffer += "\n            <li class=\"no-item\">"
    + escapeExpression((helper = helpers.formatMessage || (depth0 && depth0.formatMessage),options={hash:{
    'default': ("최근본 상품이")
  },data:data},helper ? helper.call(depth0, "coupang.web.52624c", options) : helperMissing.call(depth0, "formatMessage", "coupang.web.52624c", options)))
    + "<br />"
    + escapeExpression((helper = helpers.formatMessage || (depth0 && depth0.formatMessage),options={hash:{
    'default': ("없습니다.")
  },data:data},helper ? helper.call(depth0, "coupang.web.7779d6", options) : helperMissing.call(depth0, "formatMessage", "coupang.web.7779d6", options)))
    + "</li>\n        ";
  return buffer;
  }

function program7(depth0,data) {
  
  var buffer = "", stack1;
  buffer += "\n        ";
  stack1 = helpers.each.call(depth0, (depth0 && depth0.pageNumbers), {hash:{},inverse:self.noop,fn:self.program(8, program8, data),data:data});
  if(stack1 || stack1 === 0) { buffer += stack1; }
  buffer += "\n    ";
  return buffer;
  }
function program8(depth0,data) {
  
  var buffer = "";
  buffer += "\n            <ul id=\"recentlyViewedProduct"
    + escapeExpression((typeof depth0 === functionType ? depth0.apply(depth0) : depth0))
    + "\" data-pagenumber=\""
    + escapeExpression((typeof depth0 === functionType ? depth0.apply(depth0) : depth0))
    + "\" style=\"display:none;\"></ul>\n        ";
  return buffer;
  }

function program10(depth0,data) {
  
  var buffer = "", stack1, helper, options;
  buffer += "\n            <span class=\"counter\" id=\"recentlyViewedProductPageInfo\" data-pagenumber=\"";
  if (helper = helpers.pageNumber) { stack1 = helper.call(depth0, {hash:{},data:data}); }
  else { helper = (depth0 && depth0.pageNumber); stack1 = typeof helper === functionType ? helper.call(depth0, {hash:{},data:data}) : helper; }
  buffer += escapeExpression(stack1)
    + "\"\n                  data-totalpagenumber=\"";
  if (helper = helpers.totalPageCount) { stack1 = helper.call(depth0, {hash:{},data:data}); }
  else { helper = (depth0 && depth0.totalPageCount); stack1 = typeof helper === functionType ? helper.call(depth0, {hash:{},data:data}) : helper; }
  buffer += escapeExpression(stack1)
    + "\">\n                <strong id=\"pageNumber\">";
  if (helper = helpers.pageNumber) { stack1 = helper.call(depth0, {hash:{},data:data}); }
  else { helper = (depth0 && depth0.pageNumber); stack1 = typeof helper === functionType ? helper.call(depth0, {hash:{},data:data}) : helper; }
  buffer += escapeExpression(stack1)
    + "</strong>/<em>";
  if (helper = helpers.totalPageCount) { stack1 = helper.call(depth0, {hash:{},data:data}); }
  else { helper = (depth0 && depth0.totalPageCount); stack1 = typeof helper === functionType ? helper.call(depth0, {hash:{},data:data}) : helper; }
  buffer += escapeExpression(stack1)
    + "</em></span>\n            <span id=\"recentlyViewedProductBtnArea\">\n                <a href=\"javascript:;\" class=\"move prev\" title=\""
    + escapeExpression((helper = helpers.formatMessage || (depth0 && depth0.formatMessage),options={hash:{
    'default': ("이전 페이지 보기")
  },data:data},helper ? helper.call(depth0, "coupang.web.c57618", options) : helperMissing.call(depth0, "formatMessage", "coupang.web.c57618", options)))
    + "\" data-gaclick='{\"hitType\":\"event\", \"eventCategory\":\"Floatingbanner\", \"eventAction\":\"click\", \"eventLabel\":\"floatingbanner_recentlyviewed_left}}\", \"eventValue\":0}'>prev</a>\n                <a href=\"javascript:;\" class=\"move next\" title=\""
    + escapeExpression((helper = helpers.formatMessage || (depth0 && depth0.formatMessage),options={hash:{
    'default': ("다음 페이지 보기")
  },data:data},helper ? helper.call(depth0, "coupang.web.02dbac", options) : helperMissing.call(depth0, "formatMessage", "coupang.web.02dbac", options)))
    + "\" data-gaclick='{\"hitType\":\"event\", \"eventCategory\":\"Floatingbanner\", \"eventAction\":\"click\", \"eventLabel\":\"floatingbanner_recentlyviewed_right}}\", \"eventValue\":0}'>next</a>\n            </span>\n        ";
  return buffer;
  }

  buffer += "<dt>\n    <strong>"
    + escapeExpression((helper = helpers.formatMessage || (depth0 && depth0.formatMessage),options={hash:{
    'default': ("최근본상품")
  },data:data},helper ? helper.call(depth0, "coupang.web.e048e4", options) : helperMissing.call(depth0, "formatMessage", "coupang.web.e048e4", options)))
    + "</strong>\n    ";
  stack1 = helpers['if'].call(depth0, (depth0 && depth0.totalCount), {hash:{},inverse:self.program(3, program3, data),fn:self.program(1, program1, data),data:data});
  if(stack1 || stack1 === 0) { buffer += stack1; }
  buffer += "\n</dt>\n<dd id=\"recentlyViewedProductList\">\n    <ul id=\"recentlyViewedProduct1\" data-pagenumber=\"";
  if (helper = helpers.pageNumber) { stack1 = helper.call(depth0, {hash:{},data:data}); }
  else { helper = (depth0 && depth0.pageNumber); stack1 = typeof helper === functionType ? helper.call(depth0, {hash:{},data:data}) : helper; }
  buffer += escapeExpression(stack1)
    + "\">\n        ";
  stack1 = helpers['if'].call(depth0, (depth0 && depth0.displayNoneNotice), {hash:{},inverse:self.noop,fn:self.program(5, program5, data),data:data});
  if(stack1 || stack1 === 0) { buffer += stack1; }
  buffer += "\n    </ul>\n    ";
  stack1 = helpers['if'].call(depth0, (depth0 && depth0.displayTotalPageCount), {hash:{},inverse:self.noop,fn:self.program(7, program7, data),data:data});
  if(stack1 || stack1 === 0) { buffer += stack1; }
  buffer += "\n    <p class=\"paging\">\n        ";
  stack1 = helpers['if'].call(depth0, (depth0 && depth0.displayTotalPageCount), {hash:{},inverse:self.noop,fn:self.program(10, program10, data),data:data});
  if(stack1 || stack1 === 0) { buffer += stack1; }
  buffer += "\n    </p>\n</dd>";
  return buffer;
  });
  var templates = Handlebars.templates = Handlebars.templates || {};
  templates['templates/contents/side/include/recentlyViewedProductMain.hbs'] = template;
  var partials = Handlebars.partials = Handlebars.partials || {};
  partials['templates/contents/side/include/recentlyViewedProductMain.hbs'] = template;
  return template;
});
    

    try {
        
        
        define('page/nsdp/oosPopup.hbs', ['handlebars'], function(Handlebars) {
  var template = Handlebars.template(function (Handlebars,depth0,helpers,partials,data) {
  this.compilerInfo = [4,'>= 1.0.0'];
helpers = this.merge(helpers, Handlebars.helpers); data = data || {};
  var buffer = "", stack1, functionType="function", escapeExpression=this.escapeExpression;


  buffer += "\n<div class=\"promotion-throttling promotion-throttling-oos\">\n    <div class=\"promotion-throttling-popup\">\n        <div class=\"promotion-throttling-popup__header\">\n            <span class=\"promotion-throttling-popup__header-title\">\n                "
    + escapeExpression(((stack1 = ((stack1 = (depth0 && depth0.msg)),stack1 == null || stack1 === false ? stack1 : stack1.oosPopupTitle)),typeof stack1 === functionType ? stack1.apply(depth0) : stack1))
    + "\n            </span>\n            <span></span>\n        </div>\n        <div class=\"promotion-throttling-popup__countdown-oos\">\n            <p class=\"promotion-throttling-popup__rotation-second-oos\">\n                 ";
  stack1 = ((stack1 = ((stack1 = (depth0 && depth0.msg)),stack1 == null || stack1 === false ? stack1 : stack1.oosPopupContent)),typeof stack1 === functionType ? stack1.apply(depth0) : stack1);
  if(stack1 || stack1 === 0) { buffer += stack1; }
  buffer += "\n            </p>\n        </div>\n        <div class=\"promotion-throttling-popup__footer promotion-throttling-popup__footer-oos\">\n            <button class=\"promotion-throttling-popup__footer-button\">\n                "
    + escapeExpression(((stack1 = ((stack1 = (depth0 && depth0.msg)),stack1 == null || stack1 === false ? stack1 : stack1.oosPopupButton)),typeof stack1 === functionType ? stack1.apply(depth0) : stack1))
    + "\n            </button>\n        </div>\n    </div>\n</div>";
  return buffer;
  });
  var templates = Handlebars.templates = Handlebars.templates || {};
  templates['page/nsdp/oosPopup.hbs'] = template;
  var partials = Handlebars.partials = Handlebars.partials || {};
  partials['page/nsdp/oosPopup.hbs'] = template;
  return template;
});
        define('page/nsdp/throttlePopup.hbs', ['handlebars'], function(Handlebars) {
  var template = Handlebars.template(function (Handlebars,depth0,helpers,partials,data) {
  this.compilerInfo = [4,'>= 1.0.0'];
helpers = this.merge(helpers, Handlebars.helpers); data = data || {};
  var buffer = "", stack1, helper, functionType="function", escapeExpression=this.escapeExpression;


  buffer += "\n<div id=\"iphone-promotion-throtting\" class=\"promotion-throttling\">\n    <div class=\"promotion-throttling-popup\">\n        <div class=\"promotion-throttling-popup__header\">\n            <span></span>\n            <span class=\"promotion-throttling-popup__header-close\"></span>\n        </div>\n        <div class=\"promotion-throttling-popup__countdown\">\n            <div class=\"promotion-throttling-popup__countdown-timer\">\n                <span class=\"promotion-throttling-popup__countdown-icon\"></span>\n                <span \n                    id=\"iphone-promotion-countdown\" \n                    class=\"promotion-throttling-popup__countdown-seconds nums\" \n                    data-num=\"";
  if (helper = helpers.countdown) { stack1 = helper.call(depth0, {hash:{},data:data}); }
  else { helper = (depth0 && depth0.countdown); stack1 = typeof helper === functionType ? helper.call(depth0, {hash:{},data:data}) : helper; }
  buffer += escapeExpression(stack1)
    + "\">\n                </span>\n            </div>\n            <div id=\"promotion-throtting-popup-rotation1\" style=\"display: none;\">\n                <p class=\"promotion-throttling-popup__rotation\">\n                    "
    + escapeExpression(((stack1 = ((stack1 = (depth0 && depth0.msg)),stack1 == null || stack1 === false ? stack1 : stack1.rotation1)),typeof stack1 === functionType ? stack1.apply(depth0) : stack1))
    + "\n                </p>\n                <p class=\"promotion-throttling-popup__rotation-second\">\n                    "
    + escapeExpression(((stack1 = ((stack1 = (depth0 && depth0.msg)),stack1 == null || stack1 === false ? stack1 : stack1.rotation2)),typeof stack1 === functionType ? stack1.apply(depth0) : stack1))
    + "\n                </p>\n            </div>\n            <div id=\"promotion-throtting-popup-rotation2\">\n                <p class=\"promotion-throttling-popup__rotation\">\n                    "
    + escapeExpression(((stack1 = ((stack1 = (depth0 && depth0.msg)),stack1 == null || stack1 === false ? stack1 : stack1.rotation3)),typeof stack1 === functionType ? stack1.apply(depth0) : stack1))
    + "\n                </p>\n                <p class=\"promotion-throttling-popup__rotation-second\">\n                    "
    + escapeExpression(((stack1 = ((stack1 = (depth0 && depth0.msg)),stack1 == null || stack1 === false ? stack1 : stack1.rotation4)),typeof stack1 === functionType ? stack1.apply(depth0) : stack1))
    + "\n                </p>\n            </div>\n        </div>\n\n        <div class=\"promotion-throttling-popup__footer\">\n            <button class=\"promotion-throttling-popup__footer-button\" disabled>\n                "
    + escapeExpression(((stack1 = ((stack1 = (depth0 && depth0.msg)),stack1 == null || stack1 === false ? stack1 : stack1.throttleButton)),typeof stack1 === functionType ? stack1.apply(depth0) : stack1))
    + "\n            </button>\n        </div>\n    </div>\n</div>\n";
  return buffer;
  });
  var templates = Handlebars.templates = Handlebars.templates || {};
  templates['page/nsdp/throttlePopup.hbs'] = template;
  var partials = Handlebars.partials = Handlebars.partials || {};
  partials['page/nsdp/throttlePopup.hbs'] = template;
  return template;
});
    
    } catch (e) {
        window.jsLog && window.jsLog.report(e);
    }

    
    
    

var coupangWebRequire = require.config({
    baseUrl: '/resources/20241108145011/np/js/modules',
    context: 'coupangWeb',
    waitSeconds: 7000,
    paths: {
        jquery: '//asset2.coupangcdn.com/cdnjs/jquery/1.11.1/jquery.min',
        hashchange: '../lib/jquery/jquery.ba-hashchange-1.3-browser-patch',
        handlebars: '//asset2.coupangcdn.com/cdnjs/handlebars.js/1.3.0/handlebars.min',
        text: '//asset2.coupangcdn.com/cdnjs/require-text/2.0.12/text.min',
        moment: '//asset2.coupangcdn.com/cdnjs/moment.js/2.10.2/moment.min',
        momentLocale: '//asset2.coupangcdn.com/cdnjs/moment.js/2.10.2/locales.min',
        lodash: '//asset2.coupangcdn.com/cdnjs/lodash.js/3.10.1/lodash.min',
        template: '/resources/20241108145011/np/html/template',
        facebook: '//connect.facebook.net/ko_KR/sdk',
        couLog: '//asset2.coupangcdn.com/customjs/cou-log/2.0.0/cou-log.min',
        speedChecker: '//asset2.coupangcdn.com/customjs/speed-checker/0.7.3/speed-checker.min',
        ezPlus: '//asset2.coupangcdn.com/customjs/jquery-elevatezoom-plus/1.1.11/jquery.ez-plus.min',
        fodiumWidgetLoader: '//asset2.coupangcdn.com/customjs/fodium-widget-loader/1.0.1/fodiumWidgetLoader.min',
        videojs: '//asset2.coupangcdn.com/cdnjs/video.js/5.16.0/video.min',
        videohls: '//asset2.coupangcdn.com/cdnjs/videojs-contrib-hls/5.1.1/videojs-contrib-hls',
        weblog: '//asset2.coupangcdn.com/customjs/coupang-web-log/3.2.0/web-log.umd.min',
        incorrectInfoBundle: 'sdp/incorrectInfoReport/webpack/incorrectInfoBundle',
        pacifik: '../lib/pacifik/pacifik.min',
        pacifikPolyfill: '//asset2.coupangcdn.com/customjs/pacifik/1.5.1/pacifik.polyfill.min',
        pacifikMessage: '' + ('/resources/20241108145011/np/js/lib/pacifik/messages.ko-KR.js').replace(/\.[^/.]+$/, ""),
        intersectionObserver: '../lib/intersection-observer/intersection-observer-min',
        react: '//asset2.coupangcdn.com/customjs/react/17.0.2/umd/react.production.min',
        reactDOM: '//asset2.coupangcdn.com/customjs/react-dom/17.0.2/umd/react-dom.production.min',
        sdpReact: '/resources/20241108145011/np/js/modules/react/sdp-react.bundle',
        fbiReact: '/resources/20241108145011/np/js/modules/react/fbi-react.bundle',
        swiper: '//asset2.coupangcdn.com/cdnjs/Swiper/4.3.3/js/swiper.min',
        promotionUtils: '/resources/20241108145011/np/js/modules/common/utils/promotionUtils',
    },
    shim: {
        handlebars: {
            exports: 'Handlebars'
        },
        hashchange: {
            deps: ['jquery'],
            exports: 'Hashchange'
        },
        facebook: {
            exports: 'FB'
        },
        couLog: {
            deps: ['jquery'],
            exports: 'couLog'
        },
        speedChecker: {
            deps: ['jquery', 'couLog'],
            exports: 'speedChecker'
        }
    },
    config: {
        'adsTopBanner': {
            data: [],
        }
    }
});

    
        
    
coupangWebRequire(['jquery','couLog','intersectionObserver'], function (jquery ) {
    
    coupangWebRequire(['redwood/sdp/atf/container'], function(){
        coupangWebRequire(['../page-controllers/common/controller']);
    });
});






    

    

    
    
</script>



    
    
<script type="text/javascript"  src="/bT6KNp/3xnoHs/lC/RIXE/nR-O-H/DcaODQa7/YgEEXgE/fAh8/FHAOPwgB?v=9869ff6d-40e9-39fd-7e5d-3d0f75ce17ca" defer></script><script type="text/javascript"  src="/bT6KNp/3xnoHs/lC/RIXE/nR-O-H/aDaODQrhEczh/Qi94XQE/D1YP/VydxfmkB"></script></body>
</html>



